2029 2912
612 67 1279 122 'Mvsrcira¹
1662 93 1727 146 29

203 150 365 210 fimus·
387 196 401 216 ‚
449 171 557 224 quae
583 158 704 208 hon
731 152 836 207 alia
864 153 939 207 est
964 171 1119 225 quam
1146 154 1237 210 illa
1259 173 1370 227 quae
1400 160 1454 211 in
1477 155 1730 232 superiori

198 227 368 302 figura
398 233 685 302 reperitur,
725 233 974 283 nimirum
1002 247 1095 302 per
1111 229 1261 285 usum
1274 230 1566 288 schismatis
1586 276 1598 294 ,
1626 233 1731 288 hoc

197 304 356 376 paff'to
374 346 386 366 ‚
415 301 450 355 s1
468 302 693 358 velimus
709 302 949 358 incedere
975 322 1070 377 per
1087 311 1373 360 terminum
1390 328 1497 377 405
1516 351 1528 370 ,
1559 325 1729 364 remo-

197 378 443 433 vebimus
472 382 758 431 terminum
789 381 841 431 G
871 396 977 431 uno
993 377 1266 435 schismate
1286 424 1297 442 ,
1333 399 1395 436 ut
1419 380 1600 453 s1t486
1624 403 1731 439 non

196 452 422 526 amplius
450 453 573 521 480.
605 450 640 506 fi
669 470 795 508 vero
814 452 1125 507 incedamus
1149 473 1241 528 per
1270 457 1373 526 384
1399 458 1731 513 mutabimus

195 531 482 580 terminum
513 530 564 581 D
591 527 641 579 &
668 532 767 580 erit
793 548 893 599 320
924 528 1048 581 loco
1078 548 1197 600 324.
1226 546 1386 604 atque
1410 536 1487 585 ita
1512 531 1731 588 distabit

192 606 347 654 tertia
363 606 565 654 minore
581 600 610 653 a
629 621 651 666 3
667 602 749 672 84.
1591 653 1597 656 .

269 680 352 728 Ex
367 674 560 747 quibus
577 692 724 748 patet
740 681 920 729 omnia
935 674 1097 751 spatia
1121 694 1213 750 per
1241 696 1353 751 quae
1383 679 1731 735 commodiffi-

192 767 278 803 me
292 768 396 804 una
413 768 521 805 vox
535 749 769 804 solitaria
797 751 973 824 potest
1000 756 1235 814 moveri,
1278 758 1333 806 in
1360 759 1533 827 prima
1558 755 1729 828 figura

191 829 483 878 contineri:
530 842 651 878 cum
679 830 818 878 enim
853 825 1256 880 incommodum
1286 827 1521 882 secundae
1551 828 1726 903 figurae

192 898 490 952 correcium
505 898 579 952 est
597 941 609 961 ‚
644 913 771 953 tunc
788 898 882 952 illa
895 899 924 951 a
938 907 1107 973 prima
1129 900 1299 974 figura
1313 921 1421 956 non
1437 901 1612 957 differt
1630 948 1642 966 ,
1669 922 1728 958 ut

189 971 347 1027 facile
363 972 439 1025 est
454 971 749 1045 agnoscere.

259 1048 411 1100 Patet
439 1044 670 1100 secundo
701 1065 768 1100 ex
796 1044 950 1101 diff’cis
969 1088 981 1107 ‚
1012 1044 1164 1101 illum
1182 1064 1431 1103 tonorum
1456 1049 1695 1106 ordinem
1714 1096 1727 1114 ,

185 1138 349 1193 quem
376 1119 593 1194 praefici
609 1140 824 1175 manum
840 1135 1036 1175 vocant
1054 1166 1065 1183 ,
1095 1124 1491 1180 omnesmodos
1509 1168 1520 1185 ‚
1536 1127 1727 1198 quibus

182 1194 374 1267 gradus
390 1192 1284 1268 ordinaripossunt‚continere;illos
1299 1203 1502 1253 enimin
1519 1199 1728 1257 duobus

185 1269 373 1342 figuris
403 1269 817 1342 praecedentibus
847 1274 1104 1323 contineri
1127 1269 1276 1343 supra
1302 1273 1588 1345 probatum
1616 1276 1718 1330 est:

186 1350 334 1416 atqui
351 1343 442 1398 illa
459 1363 646 1399 manus
672 1343 1025 1417 prasticorum.
1051 1363 1239 1399 omnes
1255 1352 1516 1403 terminos
1545 1350 1729 1403 utrius-

184 1435 289 1494 que
304 1418 481 1490 figurae
496 1417 780 1492 superioris
798 1423 1119 1479 continet‚ut
1133 1417 1289 1474 facile
1300 1420 1477 1475 videre
1494 1422 1568 1476 est
1584 1430 1636 1478 in
1652 1424 1724 1478 se—

186 1498 374 1564 quent-i
394 1491 562 1565 figura
579 1535 590 1552 ‚
607 1498 658 1545 in
674 1511 778 1564 qua
794 1511 1007 1546 manum
1024 1492 1169 1546 illam
1186 1494 1536 1566 prasticorum
1553 1499 1725 1553 volvi-

186 1584 304 1619 mus
322 1572 376 1618 in
393 1566 732 1627 circulum‚ut
748 1565 815 1619 ad
829 1566 1026 1640 figuras
1042 1566 1336 1641 superiores
1353 1570 1541 1624 melius
1558 1569 1724 1645 posset

185 1638 454 1693 referrizad
470 1639 628 1709 hujus
645 1656 822 1695 tamen
838 1640 1244 1713 intelligentiam
1259 1643 1551 1698 notandum
1569 1646 1722 1706 est‚il-

184 1713 291 1767 lam
309 1719 539 1785 incipere
556 1717 584 1768 a
600 1720 827 1769 termino
846 1717 881 1766 F
898 1758 910 1776 ‚
941 1716 1029 1768 ubi
1047 1715 1246 1769 idcirco
1262 1735 1538 1772 numerum
1560 1728 1724 1775 maxi·
1785 1777 1792 1784 ,
1814 1753 1823 1764 ·

184 1807 333 1841 mum
348 1787 703 1851 adhibuimus,
720 1805 780 1842 ut
795 1804 1000 1862 pateret
1014 1789 1164 1843 illum
1184 1796 1466 1845 terminum
1484 1800 1721 1851 omnium

187 1858 291 1915 esse
318 1862 694 1935 graviffimum:
735 1864 986 1936 probatur
1017 1879 1193 1918 autem
1223 1870 1297 1918 ita
1323 1863 1424 1918 esse
1449 1865 1640 1922 debere
1656 1889 1721 1923 ex

184 1954 253 1990 eo
271 1979 283 1997 ‚
313 1936 457 2010 quod
474 1936 502 1988 a
516 1936 723 1992 duobus
739 1953 949 1992 tantum
964 1936 1100 1992 locis
1115 1943 1281 1993 totius
1298 1938 1487 1994 ofiavae
1505 1939 1719 1997 divifio-

185 2028 279 2064 nes
308 2011 558 2085 poffimus
584 2011 833 2066 inchoare
850 2055 862 2074 ‚
903 2016 978 2067 ita
1003 2010 1201 2067 scilicet
1228 2028 1288 2066 ut
1316 2019 1368 2067 in
1395 2013 1484 2068 illa
1508 2016 1590 2070 vel
1617 2024 1720 2091 pri-

185 2102 276 2138 mo
292 2084 410 2139 loco
422 2085 529 2140 duo
543 2091 932 2162 toniponantur
949 2130 961 2150 ‚
992 2088 1041 2140 ὅ(
1064 2087 1181 2161 post
1201 2106 1364 2141 unum
1380 2087 1718 2147 semitonium

187 2179 213 2226 3
229 2202 240 2221 ,
256 2160 771 2234 toni-consequentes
786 2161 977 2215 ultimo
996 2161 1118 2215 loco
1137 2206 1148 2224 ‚
1166 2161 1252 2217 vel
1273 2179 1456 2218 contra
1474 2181 1536 2218 ut
1554 2186 1577 2231 3
1592 2171 1720 2221 .toni

185 2240 358 2306 primo
374 2234 494 2288 loco
508 2251 777 2308 ponantur
799 2239 850 2290 ὃ(
868 2235 973 2289 duo
988 2252 1194 2290 tantum
1210 2236 1397 2291 ultimo
1411 2281 1422 2299 ‚
1455 2246 1603 2312 atqui
1621 2257 1722 2295 ter-

187 2313 362 2364 minus
382 2311 415 2361 F
449 2309 537 2364 illa
564 2309 672 2364 duo
700 2310 820 2364 loca
848 2309 999 2364 simul
1027 2309 1385 2384 repraesentat,
1425 2311 1618 2369 fienim
1647 2317 1713 2371 ab

185 2381 281 2436 illo
300 2401 392 2456 per
407 2383 437 2436 b
452 2383 757 2441 incedamus
773 2428 785 2447 ‚
826 2383 933 2439 duo
947 2401 1153 2441 tantum
1178 2385 1297 2440 sunt
1313 2391 1425 2441 toni
1444 2393 1620 2461 primo
1635 2390 1712 2445 lo-

187 2476 251 2511 co
270 2501 282 2519 ,
316 2456 352 2510 fi
371 2477 498 2513 vero
515 2478 605 2533 per
625 2457 684 2537 β
704 2475 858 2514 erunt
872 2475 993 2516 tres.
1035 2465 1190 2534 Ergo.

254 2536 373 2598 Jam
398 2538 557 2607 igitur
581 2551 730 2608 patet
755 2540 927 2610 primo
953 2554 1020 2592 ex
1046 2534 1172 2664 Ιιειῗ)
1170 2537 1339 2610 figura
1364 2539 1414 2594 ὅ(
1438 2557 1505 2596 ex
1529 2538 1710 2666 secucxir·

1213 2631 1239 2679 3
1681 2631 1710 2667 a
