2029 2912
696 96 766 148 M
831 113 865 150 v
937 110 968 146 s·
1039 115 1062 150 1
1144 111 1174 146 c
1245 114 1300 148 Α.
1704 119 1771 164 37

245 186 472 257 ejusdem
491 189 831 258 nervi‘partes
847 186 974 256 480,
1001 183 1159 240 edent
1171 184 1356 240 sonum
1374 191 1585 241 termini
1603 189 1659 241 G
1673 230 1684 250 ‚
1714 192 1764 243 8<

244 263 315 319 sic
329 261 719 333 consequenter.

320 343 494 408 Atque
510 336 595 387 hic
612 350 839 404 quatuor
853 338 1077 405 partium
1095 333 1281 408 gradus
1296 333 1649 389 ordinavimus
1667 380 1679 397 ‚
1710 353 1768 390 ut

242 427 422 484 pateat
435 423 693 482 quantum
709 407 900 479 distare
916 406 1145 462 debeant
1158 409 1220 463 ab
1237 415 1462 462 invicem
1479 436 1491 473 ς
1509 429 1613 463 non
1628 409 1771 481 quod

241 484 367 557 faepe
383 482 496 538 aliis
524 482 726 537 inlocis
757 483 931 536 claves
965 499 1018 539 9:
1062 489 1126 550 ῥ’
1145 486 1194 538 ἃ
1212 483 1260 535 G
1286 502 1391 536 non
1416 502 1769 556 apponantur,

241 557 385 630 quod
402 556 460 610 fit
468 563 621 626 juxta
634 562 943 620 varietatem
958 555 1205 629 graduum
1224 556 1693 628 quaedecurruntur
1711 561 1773 612 ab

238 650 546 703 unaquaque
584 646 750 705 parte.
803 629 905 685 Sed·
927 638 1046 700 quia
1078 631 1162 684 hic
1200 629 1388 686 modus
1417 632 1632 686 videtur
1671 630 1772 687 esse

239 712 467 760 maxime
486 705 736 760 naturalis
757 747 768 766 ‚
794 706 843 757 3<
859 705 932 758 est
947 703 1410 777 frequentissimus.

314 785 424 836 Hic
440 797 616 834 autem
645 798 892 834 numeros
909 796 1116 833 tantum
1145 777 1474 834 adhibuimus
1494 785 1544 833 in
1563 779 1774 836 chordis

239 854 596 915 naturalibus,
626 853 944 927 &quamdiu
962 853 989 904 3
1005 852 1122 905 sede
1150 859 1361 926 propria
1378 873 1480 907 non
1503 873 1777 910 removen-
1836 846 1842 851 ’

240 946 328 983 tur
344 973 355 991 ‚
388 928 613 984 siautem
630 928 817 983 dioeses
849 933 900 981 in
917 926 1224 999 quibusdam
1244 933 1384 981 notis
1414 933 1746 984 inveniantur
1763 976 1774 994 ‚

239 1003 478 1060 velbaut
513 1001 566 1073 ἧ
589 1019 700 1076 quae
726 1002 845 1055 illas
863 1003 891 1053 a
915 1001 1034 1054 sede
1050 1006 1262 1073 propria
1287 1018 1593 1056 removeant
1612 1048 1623 1065 ‚
1666 1022 1777 1058 tum

241 1077 345 1132 illae
363 1077 480 1132 aliis
498 1081 729 1130 numeris
757 1075 874 1129 sunt
901 1074 1216 1147 explicandae
1239 1119 1249 1136 ‚
1279 1094 1496 1145 quorum
1513 1086 1778 1145 quantitas

242 1152 308 1206 ab
337 1151 450 1206 aliis
467 1157 609 1205 notis
630 1151 847 1205 aliarum
865 1154 1095 1222 partium
1116 1192 1127 1209 ,
1159 1167 1274 1202 cum
1308 1150 1494 1219 quibus
1527 1152 1778 1216 ejusmodi

243 1225 431 1281 dioeses
450 1224 841 1280 consonantiam
859 1221 1125 1284 efficiunt,
1148 1223 1221 1277 est
1237 1222 1572 1279 desumenda.

731 1375 832 1440 De
877 1359 1290 1465 Diffo'nantiin

406 1516 629 1570 Uaelibet
646 1516 926 1571 intervalla
947 1560 957 1577 ‚
988 1531 1176 1588 praeter
1192 1515 1281 1568 illa
1301 1513 1365 1569 de
1380 1516 1683 1586 quibusjani
1701 1517 1778 1570 lo·

404 1597 551 1662 quuti
582 1589 756 1643 sumus
778 1634 789 1652 ‚
831 1587 1154 1643 dissonantiae
1196 1590 1554 1663 appellantur,
1597 1590 1683 1643 sed
1712 1592 1777 1645 de

243 1666 324 1721 his
342 1682 546 1720 tantum
563 1682 713 1738 agere
737 1664 1017 1724 volumus,
1059 1682 1171 1735 quae
1201 1661 1482 1718 necessario
1500 1671 1550 1717 in
1566 1668 1673 1732 jam
1694 1685 1782 1719 ex-

242 1742 449 1815 plicato
474 1758 725 1794 tonorum
757 1737 939 1792 ordine
967 1744 1338 1799 inveniuntur,
1376 1738 1508 1793 adeo
1528 1755 1586 1791 ut
1616 1740 1792 1793 illaein

246 1815 519 1869 cantilenis
536 1832 642 1883 non
661 1813 854 1886 possint
874 1832 979 1866 non
996 1810 1251 1866 adhiberi.
1603 1850 1608 1855 -

317 1893 521 1942 Harum
538 1894 637 1942 tria
663 1888 782 1941 sunt
798 1906 1012 1960 genera«,
1046 1886 1281 1960 quaed'am
1297 1891 1437 1939 enim
1455 1904 1518 1939 ex
1538 1885 1658 1941 solis
1675 1906 1786 1960 gra·
1838 1907 1841 1909 ·

246 1963 400 2017 dibus
421 1979 737 2035 generantur
754 1965 803 2016 ἃ
820 1962 998 2015 offiava
1021 2005 1034 2024 ‚
1065 1962 1176 2015 aliae
1195 1979 1258 2014 ex
1274 1957 1570 2014 differentia
1584 1980 1692 2033 quae
1710 1961 1792 2015 est·

246 2044 381 2091 inter
399 2053 584 2090 tonum
603 2043 850 2104 majorem
868 2037 915 2088 8<
930 2041 1203 2093 minorem,
1226 2053 1383 2107 quam
1400 2032 1788 2090 scliismavoca-

245 2119 417 2169 vimus
439 2156 449 2173 ‚
471 2111 581 2164 aliae
597 2110 822 2182 denique
840 2129 903 2164 ex
919 2106 1220 2164 differentia
1234 2127 1342 2181 quae
1356 2108 1579 2164 estinter
1599 2127 1783 2164 ton-um

247 2193 496 2254 majorem
512 2187 560 2238 8<
573 2185 905 2239 semitonium
923 2190 1103 2251 maius.

320 2267 379 2314 In
408 2266 581 2333 primo
611 2277 801 2332 genere
833 2265 1174 2313 continentur
1201 2255 1426 2328 septimae
1458 2257 1506 2309 8<
1533 2275 1680 2310 nonae
1708 2258 1790 2312 vel

249 2334 463 2388 decimae
482 2334 666 2391 sextae,
706 2352 814 2403 quae
831 2332 947 2386 sunt
962 2349 1168 2386 tantum
1198 2350 1345 2384 nonse
1366 2331 1694 2403 eompofitae,
1724 2349 1787 2385 ut

248 2407 362 2482 ipsae
396 2427 538 2462 nonae
559 2408 687 2461 1111111
721 2406 858 2461 aliud
874 2409 1178 2479 sunt,quam
1198 2406 1388 2479 gradus
1420 2406 1698 2478 compositi
1725 2425 1788 2458 ex

249 2484 467 2544 ostam,
498 2483 720 2556 septimae
752 2481 1221 2537 autem'residuum
1252 2480 1449 2535 oeiavae
1469 2482 1500 2532 {1-
1525 2498 1625 2550 qua
1654 2499 1788 2534 unus

247 2559 438 2631 aliquis
455 2557 644 2631 gradus
659 2557 732 2612 est
748 2556 986 2619 ablatus,
1000 2556 1140 2614 u'nde
1159 2570 1308 2628 patet
1322 2570 1424 2612 tres
1441 2552 1541 2609 effe
1558 2552 1788 2608 diversas

1079 2635 1119 2683 E
1162 2651 1185 2697 3
1618 2645 1784 2682 nonas
