2029 2912
637 59 1249 117 Mvs1c'ffi
1639 89 1709 138 45

183 150 249 206 ab
269 152 494 205 invicem
509 146 585 201 illi
603 151 814 200 termini
833 191 844 209 ‚
872 165 1006 221 quos
1024 148 1298 206 succeffive
1327 149 1550 208 efferret.
1608 155 1710 208 Ce-

183 226 393 280 lerrime
431 238 606 277 autem
631 226 869 275 omnium
912 231 1117 278 moveri
1144 225 1273 280 solet
1312 232 1364 280 in
1403 226 1609 282 Musica
1635 228 1710 282 di-

180 305 425 359 minuta,
459 313 518 350 ut
546 292 930 351 contra-Bassus
954 297 1230 353 tardiffime
1259 326 1272 364 ς
1312 306 1461 369 cujus
1477 308 1713 357 rationes

181 389 367 449 patent
395 389 460 424 ex
483 370 860 444 superioribUS‚
897 369 1050 427 sonus
1080 378 1218 428 enim
1242 376 1490 429 remissior
1516 377 1712 433 lentius

185 465 337 503 aures
353 443 505 506 ferit,
543 444 770 517 ideoque
785 461 894 498 tam
926 446 1150 500 celerem
1182 453 1235 501 in
1264 467 1329 502 eo
1359 456 1710 505 mutationem

181 521 392 577 auditus
421 521 557 574 ferre
584 538 689 572 non
704 516 904 591 posset,
933 525 1049 589 quia
1076 522 1151 574 illi
1170 537 1279 575 non
1306 522 1516 578 daretur
1543 531 1714 579 otium

181 594 415 669 fingulos
432 609 590 648 tonos
607 591 849 647 distincte
867 594 1110 648 audiendi
1131 639 1142 658 ,
1162 599 1259 650 &c

253 674 358 724 His
387 668 660 742 explicatis
690 686 797 721 non
825 668 1177 723 omittendum
1206 670 1280 725 est
1307 676 1359 724 in
1386 669 1469 728 his
1500 672 1714 726 cantile-

181 748 265 800 nis
290 741 587 814 frequenter
613 739 955 796 dissonantias
983 742 1105 797 loco
1137 744 1595 801 consonantiarum
1629 746 1715 801 ad-

180 818 378 880 hiberi,
419 815 563 889 quod
590 816 653 880 fis
677 816 879 871 duobus
905 817 1076 872 modis
1095 861 1108 880 ‚
1150 836 1338 892 nempe
1367 820 1716 876 diminutione

179 892 264 948 vel
281 892 529 965 syncopa.
1307 890 1310 895 ’

255 970 554 1019 Diminutio
583 963 659 1018 est
676 982 794 1018 cum
826 980 1010 1020 contra
1039 985 1195 1020 unam
1213 983 1390 1022 notam
1417 975 1575 1024 unius
1600 990 1715 1044 par-

181 1045 250 1095 tis
280 1047 353 1093 2²·
372 1039 461 1095 vel
489 1045 579 1109 4⁰¹·
599 1036 688 1092 vel
717 1038 894 1109 plures
923 1045 978 1093 in
1013 1041 1117 1096 alia
1141 1059 1610 1121 partqponuntun
1663 1051 1718 1100 in

178 1115 367 1188 quibus
406 1113 494 1167 hic
531 1111 666 1166 ordo
696 1111 885 1168 servari
925 1113 1115 1175 debet,
1154 1112 1422 1186 ut’prima
1463 1118 1718 1173 consonet

171 1207 302 1257 ¹cum
330 1205 457 1242 nota
485 1187 698 1242 alterius
726 1193 893 1259 partis
915 1231 926 1247 ‚
968 1195 1204 1251 2³·ver0,
1246 1189 1281 1241 fi
1320 1191 1483 1264 gradu
1510 1209 1715 1247 tantum

169 1261 384 1328 ‚disteta
415 1265 606 1336 priori,
638 1261 812 1335 potest
827 1258 1116 1327 dissonare,
1150 1280 1306 1334 atque
1322 1271 1481 1319 etiam
1511 1272 1713 1321 tritono

179 1336 267 1393 vel
296 1335 424 1392 falsa
450 1341 634 1409 quinta
664 1334 857 1389 distare
885 1336 948 1389 ab
990 1337 1090 1392 alia
1118 1354 1294 1411 parte,
1333 1346 1454 1410 quia
1483 1356 1611 1395 tunc
1639 1347 1715 1396 vi-

180 1410 330 1464 detur
355 1427 564 1466 tantum
586 1407 752 1483 pofita
780 1428 873 1483 per
901 1411 1147 1467 accidens
1177 1438 1189 1466 ε
1231 1430 1390 1486 atque
1417 1431 1476 1468 ut
1503 1421 1590 1470 via
1617 1434 1716 1486 qua

180 1485 211 1537 a
235 1491 404 1558 prima
434 1500 561 1538 nota
600 1482 664 1536 ad
691 1490 901 1539 tertiam
941 1484 1282 1544 deveniamus
1301 1530 1312 1548 ,
1356 1509 1475 1542 cum
1503 1509 1604 1561 qua
1630 1491 1718 1544 de-

180 1560 274 1612 bet
301 1558 587 1612 consonare
615 1557 706 1610 illa
719 1564 887 1631 prima
915 1575 1044 1613 nota
1064 1602 1075 1619 ,
1102 1578 1259 1632 atque
1274 1566 1431 1616 etiam
1464 1581 1716 1639 notapar-

181 1637 251 1687 tis
280 1631 547 1706 oppositae.
591 1632 640 1684 Si
669 1651 797 1686 vero
823 1632 915 1686 illa
940 1632 1167 1690 secunda
1192 1651 1320 1688 nota
1345 1654 1434 1708 per
1460 1636 1616 1693 saltus
1643 1645 1719 1692 in-

183 1705 360 1767 cedat,
403 1706 506 1760 hoc
531 1705 606 1760 est
637 1705 795 1760 distet
823 1708 852 1759 a
879 1713 1048 1780 prima
1087 1708 1370 1764 intervallo
1400 1716 1554 1767 unius
1597 1733 1719 1768 con-

180 1779 425 1836 sonantiae
443 1824 454 1843 ,
483 1797 609 1834 tunc
634 1786 793 1835 ctiam
826 1801 946 1835 cum
973 1799 1125 1856 parte
1148 1784 1396 1857 opposita
1421 1784 1584 1841 debet
1598 1809 1722 1842 con-

179 1854 388 1915 sonare,
441 1852 600 1909 ceffat
640 1861 780 1909 enim
806 1856 1112 1929 praecedens
1151 1864 1298 1912 ratio.
1362 1859 1461 1912 Sed
1488 1877 1617 1916 tunc
1651 1871 1722 1928 3²·

181 1947 308 1984 nota
335 1934 534 2002 poterit
560 1926 818 1986 dissonare
835 1929 876 1984 si'
895 1950 990 2006 per
1016 1932 1208 2008 gradus
1235 1949 1514 1990 moveatur
1531 1978 1544 1999 ,
1577 1942 1722 2005 cujus

183 2004 487 2080 exemplum
505 2004 633 2061 estc.

1008 2527 1045 2581 F
1085 2545 1111 2600 3
1570 2532 1641 2586 Su
1676 2551 1720 2585 e-
