2029 2912
282 142 347 178 10
691 114 1400 167 Commu-invi«

280 212 414 260 enim
442 210 494 256 in
521 199 606 255 tali
624 198 958 251 instrumento
973 193 1134 249 sensus
1151 193 1276 248 nihil
1290 191 1423 247 aliud
1438 190 1621 246 habeat
1635 193 1828 250 adver--

279 278 488 332 tendum
503 292 656 344 quam
673 289 888 345 tempus,
905 268 1091 322 idcirco
1107 273 1158 320 in
1172 284 1401 342 tempore
1415 266 1581 343 potest
1596 264 1693 324 esse
1709 288 1813 325 ma·

270 359 350 421 jor
365 348 619 406 diversitas
635 364 690 400 ut
706 350 863 420 magis
878 342 1071 398 sensum
1085 358 1316 415 occupet.

441 497 542 564 De
543 501 820 583 fimorum
839 488 1195 664 dgjrfitate
1216 495 1366 559 circa
1385 509 1630 559 acutum

987 606 1218 672 grave.

282 734 525 866 HAEc
553 730 710 783 tribus
738 734 959 783 maxime
982 726 1147 781 modis
1163 726 1328 800 potest
1343 724 1547 800 spef'cari
1565 770 1576 787 ‚
1604 726 1686 781 vel
1699 725 1823 782 scili-

434 821 513 858 cet
530 810 579 880 in
595 802 727 857 sonis
746 848 757 867 ,
787 808 872 874 qui
902 800 1046 855 simul
1064 805 1366 854 emittuntur
1382 799 1626 857 adiversls
1643 821 1825 874 corpo·

282 881 417 936 ribus
436 925 447 942 ‚
474 879 554 934 vel
581 884 631 932 in
662 877 756 932 illis
770 874 1128 948 quisucceffive
1143 876 1203 928 ab
1219 875 1393 929 eadem
1409 895 1537 930 voce
1554 919 1566 937 ,
1593 876 1674 931 vel
1687 875 1828 930 deni-

284 962 445 1028 quein
462 954 555 1008 illis
578 958 663 1025 qui
689 951 949 1007 succeffive
977 951 1006 1003 a
1033 948 1236 1003 diversis
1264 950 1473 1005 vocibus
1498 952 1578 1005 vel
1605 955 1826 1026 corpori-

286 1031 380 1085 bus
396 1030 616 1083 sonoris:
649 1046 712 1080 ex
738 1032 902 1099 primo
931 1023 1084 1077 modo
1113 1022 1450 1078 consonantiae
1477 1031 1734 1086 oriuntur,
1764 1043 1828 1078 ex

289 1113 353 1160 2⁰·
376 1103 558 1179 gradus
579 1145 590 1162 ‚
614 1121 676 1156 ex
698 1108 759 1172 3⁰·
789 1096 1097 1153 diffonantiae
1115 1142 1126 1155 ,
1153 1117 1259 1169 quae
1276 1105 1433 1172 magis
1459 1097 1522 1152 ad
1550 1098 1829 1153 consonan-

287 1185 380 1234 tias
398 1175 645 1233 accedunt
662 1219 673 1235 ‚
690 1174 774 1227 ubi
790 1189 930 1246 patet
944 1179 996 1225 in
1012 1171 1348 1227 consonantiis
1365 1178 1616 1228 minorem
1633 1170 1730 1226 esse
1744 1173 1830 1227 de-

287 1255 404 1309 bere
423 1252 658 1305 sonorum
673 1246 1008 1302 diversitatem
1026 1264 1179 1317 quam
1208 1251 1259 1299 in
1285 1245 1549 1321 gradibusg
1575 1252 1692 1319 quia
1705 1246 1831 1300 scili-

291 1344 374 1382 cet
392 1326 471 1380 illa
489 1330 645 1398 magis
663 1322 891 1377 auditum
906 1319 1137 1393 fatigaret
1167 1325 1217 1373 in
1247 1319 1377 1374 sonis
1412 1325 1498 1392 qui
1528 1319 1670 1375 simul
1686 1326 1832 1374 emit·
1863 1360 1870 1366 -

291 1418 466 1456 tuntur
483 1444 494 1461 ‚
521 1418 673 1470 quam
701 1402 752 1449 in
781 1395 878 1449 illis
907 1401 992 1465 qui
1016 1393 1289 1447 successive.
1330 1394 1467 1448 Idem
1484 1401 1701 1449 etiamin
1718 1413 1833 1467 pro-

292 1481 524 1551 portione
540 1470 810 1526 dicendum
826 1468 889 1522 de
904 1466 1190 1522 differentia
1204 1467 1449 1541 graduum
1475 1469 1536 1522 ab
1560 1470 1657 1526 illis
1685 1465 1833 1523 disso-

294 1554 480 1604 nantiis
500 1565 605 1619 quae
622 1553 673 1600 in
689 1544 934 1600 relatione
951 1540 1240 1596 tolerantur.

776 1693 877 1760 De
908 1690 1338 1777 Consbnantiis.

444 1848 797 1908 Dvertendum
821 1848 894 1902 est
919 1853 1084 1921 primo
1113 1846 1382 1902 unisonum
1410 1865 1510 1901 non
1539 1845 1634 1901 effe
1663 1846 1837 1903 conso-

447 1931 670 1980 nantiam
688 1968 699 1986 ,
728 1929 843 1995 quia
870 1928 920 1976 in
949 1923 1035 1975 illo
1061 1923 1194 1976 nulla
1212 1921 1283 1974 est
1297 1917 1584 1977 differentia
1597 1922 1834 1977 sonorum

301 2008 353 2055 in
370 2018 519 2055 acuto
534 2003 582 2055 &
597 2003 734 2075 gravi
751 2043 763 2061 ‚
791 1996 874 2051 sed
901 1997 1043 2051 illum
1067 1996 1112 2050 se
1135 1997 1321 2053 habere
1337 1996 1399 2051 ad
1415 1997 1766 2053 consonantias
1781 2012 1841 2051 ut

301 2081 468 2130 unitas
485 2075 547 2129 ad
564 2091 815 2128 numeros,

376 2149 608 2203 Secundo
634 2168 696 2202 ex
725 2145 920 2200 duobus
937 2150 1164 2200 terminis
1186 2189 1197 2204 ,
1226 2151 1311 2218 qui
1340 2151 1390 2199 in
1417 2144 1742 2200 consonantia
1767 2163 1840 2199 re-

304 2229 598 2295 quiruntur,
628 2222 801 2282 illum,
829 2224 912 2292 qui
929 2226 1127 2304 gravJor
1143 2221 1243 2282 est,
1285 2221 1436 2293 longe
1465 2217 1561 2272 esse
1586 2225 1842 2294 potentio-

306 2316 411 2351 rem
429 2343 440 2360 ,
470 2314 618 2369 atque
634 2298 784 2350 alium
799 2294 1180 2367 quodammodo
1197 2299 1246 2348 in
1273 2294 1320 2349 se
1352 2299 1611 2348 continere
1627 2321 1637 2348 ι
1654 2316 1658 2321 ’
1675 2311 1732 2348 ut
1754 2313 1841 2369 pa-

308 2385 383 2424 tet
398 2377 444 2425 in
463 2378 623 2427 nervis
639 2370 900 2425 testudinis
920 2412 931 2429 ‚
959 2388 1021 2422 ex
1049 2368 1379 2441 quibusdum
1405 2368 1577 2440 aliquis
1593 2368 1811 2443 pulsatur
1826 2414 1840 2434 ‚

308 2453 392 2518 qui
410 2447 493 2498 illo
511 2448 574 2500 8³⁵
600 2446 680 2502 vel
704 2451 878 2517 quinta
905 2449 1152 2498 acutiores
1179 2444 1290 2497 sunt
1317 2487 1328 2503 ‚
1355 2443 1532 2516 sponte
1556 2440 1842 2498 tremunt&

309 2519 542 2574 resonant
572 2563 582 2580 ,
635 2526 882 2593 graviores
912 2533 1077 2570 autem
1110 2537 1211 2570 non
1241 2523 1309 2571 ita
1339 2561 1350 2578 ,
1401 2516 1576 2571 saltem
1604 2535 1841 2591 apparen-

310 2610 410 2650 ter:
450 2599 588 2664 cujus
619 2590 746 2650 ratio
772 2592 836 2648 sic
862 2590 1247 2648 demonstratur.
1299 2594 1465 2648 Sonus
1505 2591 1553 2646 se
1596 2591 1750 2644 habet
1778 2590 1842 2645 ad

1647 2667 1842 2720 Sonum
