2029 2912
605 93 1285 147 'MVSICAEJ
1662 120 1726 170 15

272 180 425 235 Nunc
448 196 571 234 vero
596 197 713 233 cum
736 184 843 247 jam
860 184 968 248 jam
994 178 1206 235 dixerim
1232 198 1419 237 omnes
1443 181 1724 239 consonan-

180 262 287 311 -tias
303 260 354 308 in
368 253 544 308 octava
558 254 802 307 contineri
818 296 830 315 ,
856 253 1129 309 videndum
1157 255 1231 309 est
1259 256 1520 328 quomodo
1536 256 1584 310 id
1603 257 1723 321 fiat,

180 326 516 402 &quomodo
530 327 735 383 exillius
749 327 991 383 divifione
1006 330 1305 402 procedant,
1341 347 1399 384 ut
1425 332 1620 387 illarum
1637 350 1725 387 na·

194 419 307 458 tura
342 399 619 456 distinctius
657 402 961 475 agnoscatur.
1003 407 1228 459 Primum
1296 420 1467 460 autem
1505 425 1569 460 ex
1605 426 1724 480 prae-

189 481 379 533 notatis
421 489 613 528 certum
654 476 729 532 est
765 477 816 533 id
855 477 962 530 fieri
1001 477 1183 533 debere
1210 499 1299 552 per
1327 479 1624 535 divifionem
1651 487 1723 535 A·

191 552 532 606 rithmeticam
558 592 571 611 ‚
619 548 720 607 sive
747 558 798 605 in
827 552 1028 623 aequalia
1056 578 1066 606 :
1117 553 1239 625 quid
1277 569 1449 608 autem
1489 554 1549 607 sit
1581 555 1719 627 quod

188 625 343 682 dividi
379 622 561 677 debeat
594 641 737 698 patet
776 631 829 680 in
859 645 1014 683 nervo
1054 631 1183 691 AB,
1221 634 1307 701 qui
1333 627 1482 684 distat
1507 629 1570 684 ab
1607 633 1721 686 AC

348 712 1539 819 WB

187 862 331 923 parte
360 847 405 900 C
423 849 461 900 B
487 891 498 907 ‚
539 845 689 901 sonus
717 863 889 902 autem
917 849 1021 902 AB
1053 846 1202 901 distat
1231 849 1260 902 a
1289 847 1414 903 sono
1442 854 1491 904 A
1509 850 1555 903 C
1580 850 1718 906 oc'ta·

185 941 277 983 va,
315 940 435 996 ergo
459 920 671 995 spatium
704 922 890 977 ostavae
905 926 999 976 erit
1012 940 1124 995 pars
1152 921 1258 974 soni
1287 924 1332 974 C
1350 926 1400 975 B.
1439 923 1528 977 Illa
1543 924 1646 978 esti
1683 931 1722 978 i-

188 1012 269 1050 tur
296 1015 402 1067 quae
429 994 582 1050 dividi
610 994 763 1049 debet
788 1002 840 1048 in
863 995 965 1049 duo
994 996 1198 1067 aequalia
1226 1010 1283 1050 ut
1305 1011 1415 1049 tota
1446 998 1624 1053 octava
1680 1006 1720 1054 i-

183 1069 410 1131 vidatur,
444 1068 580 1141 quod
594 1066 782 1123 factum
798 1068 935 1123 estin
961 1072 1043 1134 D;
1079 1088 1142 1123 ex
1164 1089 1262 1142 qua
1275 1069 1518 1126 divisione
1530 1089 1588 1126 ut
1601 1071 1718 1128 scia-

183 1162 300 1199 mus
324 1162 431 1216 quae
459 1142 781 1197 consonantia
795 1148 996 1217 proprie
1030 1146 1080 1198 &
1106 1162 1194 1217 per
1217 1142 1265 1197 se
1279 1161 1571 1218 generetur,
1599 1166 1719 1202 con-

185 1216 506 1274 siderandum
523 1217 596 1271 est
623 1223 671 1271 A
689 1220 727 1270 B
741 1261 754 1278 ,
788 1223 872 1289 qui
895 1223 1090 1290 gravior
1103 1217 1174 1270 est
1188 1224 1433 1274 terminus
1453 1263 1465 1281 ‚
1492 1220 1646 1275 dividi
1670 1229 1719 1277 in

186 1296 239 1346 D
263 1296 434 1346 nonin
449 1291 625 1345 ordine
642 1290 704 1345 ad
730 1290 777 1346 se
805 1290 964 1365 ipsum
981 1334 992 1352 ‚
1019 1307 1142 1345 tunc
1171 1298 1308 1346 enim
1337 1293 1641 1349 divideretur
1665 1301 1718 1350 in

186 1369 233 1421 C
263 1382 321 1420 ut
334 1381 452 1419 ante
468 1366 656 1419 factum
678 1366 780 1428 est;
819 1384 983 1436 neque
1010 1372 1144 1419 enim
1169 1372 1274 1435 jam
1299 1366 1535 1422 dividitur
1557 1370 1719 1423 uniso-

182 1454 280 1497 nus
298 1482 309 1500 ‚
336 1439 418 1494 secl
431 1440 609 1494 octava
626 1483 637 1501 ‚
672 1458 778 1511 quae
794 1439 991 1493 duobus
1009 1440 1207 1494 constat
1221 1446 1448 1494 terminis
1465 1484 1476 1502 ,
1504 1442 1720 1515 ideoque

181 1514 305 1569 dum
321 1519 517 1588 gravior
532 1519 776 1568 terminus
791 1513 1028 1568 dividitur
1047 1558 1058 1575 ,
1086 1514 1136 1568 id
1152 1514 1211 1567 fit
1226 1519 1277 1567 in
1298 1514 1472 1568 ordine
1487 1516 1548 1570 ad
1563 1518 1717 1571 alium

183 1593 462 1642 acutiorem
480 1630 491 1648 ‚
520 1606 624 1640 non
642 1587 704 1641 ad
733 1587 778 1640 se
805 1586 963 1661 ipsum
980 1630 992 1649 ,
1021 1587 1159 1641 unde
1190 1587 1248 1640 fit
1274 1604 1332 1641 ut
1358 1588 1714 1654 consonantia,

181 1680 289 1734 quae
315 1681 378 1716 ex
405 1661 488 1715 illa
515 1660 758 1717 divifione
785 1667 982 1735 proprie
1003 1678 1294 1735 generatur,
1324 1661 1531 1717 fitinter
1546 1672 1715 1718 termi-

181 1754 279 1791 nos
306 1743 355 1790 A
373 1738 417 1790 C
447 1778 458 1797 ‚
502 1737 617 1789 AD
647 1755 755 1807 quae
786 1735 858 1789 est
883 1741 1088 1806 quinta,
1127 1755 1232 1789 non
1266 1740 1397 1790 inter
1424 1740 1540 1790 AD
1558 1781 1571 1799 ‚
1610 1744 1653 1792 A
1675 1743 1714 1793 B

181 1829 287 1883 quae
301 1825 474 1882 quarta
490 1809 590 1870 est,
615 1815 730 1881 quia
745 1828 857 1884 pars
886 1814 938 1863 D
957 1813 996 1863 B
1022 1809 1096 1863 est
1124 1825 1324 1863 tantum
1349 1809 1600 1865 residuum
1624 1856 1635 1874 ‚
1663 1816 1714 1868 ὅ(

180 1903 271 1958 per
284 1884 516 1938 accidens
534 1884 911 1938 consonantiam
939 1899 1145 1959 generat
1163 1928 1174 1946 ,
1205 1902 1267 1937 ex
1296 1903 1359 1938 eo
1386 1885 1524 1956 quod
1537 1885 1619 1939 ille
1633 1887 1707 1941 so-

182 1976 279 2012 nus
306 1963 391 2029 qui
419 1977 535 2011 cum
562 1977 666 2012 uno
692 1959 879 2014 ostavae
895 1964 1113 2012 termino
1129 1957 1512 2012 consonantiam
1527 1958 1710 2024 efficit,

180 2038 335 2086 etiam
352 2052 466 2086 cum
483 2031 581 2087 alio
595 2031 776 2088 debeat
791 2032 1076 2087 consonare.

255 2107 465 2161 Rursum
505 2125 624 2161 vero
647 2106 806 2162 diviso
832 2107 988 2182 spatio
1018 2109 1062 2160 C
1081 2110 1118 2161 B
1143 2112 1195 2161 in
1222 2111 1275 2162 D
1296 2150 1307 2168 ‚
1336 2122 1515 2180 potero
1537 2109 1714 2164 eadem

181 2187 376 2235 ratione
390 2180 608 2237 dividere
633 2183 678 2235 C
698 2187 749 2236 D
778 2188 831 2236 in
863 2186 929 2244 E,
959 2180 1093 2236 unde
1113 2180 1297 2235 directe
1344 2182 1628 2237 enerabitur
1641 2184 1714 2238 di·

182 2267 337 2310 tonus
355 2299 366 2316 ‚
395 2259 444 2311 &
458 2276 547 2330 per
561 2256 791 2311 accidens
808 2257 1001 2328 reliquae
1015 2273 1194 2310 omnes
1211 2201 1544 2311 consonanriae
1571 2283 1583 2312 ι
1616 2277 1714 2314 nec

182 2328 391 2384 ulterius
408 2331 591 2384 idcirco
621 2332 666 2384 C
684 2336 724 2384 E
751 2351 879 2403 opus
898 2331 970 2385 est
981 2329 1215 2391 dividere,
1230 2330 1369 2402 quod
1387 2330 1422 2383 si
1437 2347 1612 2387 tamen
1626 2333 1714 2387 fie-

183 2419 261 2457 ret
273 2422 317 2457 v.
334 2425 378 2479 g.
395 2411 444 2459 in
471 2408 506 2458 F
531 2404 663 2459 unde
677 2411 889 2459 oriretur
903 2421 1055 2458 tonus
1081 2409 1266 2472 major,
1294 2407 1343 2458 &
1366 2423 1453 2477 per
1479 2406 1713 2463 accidens

182 2481 410 2534 minor&
424 2479 686 2534 semitonia
702 2523 714 2542 ‚
742 2478 803 2535 de
817 2480 997 2552 quibus
1012 2479 1209 2553 postea:
1245 2485 1298 2533 in
1321 2498 1446 2537 voce
1461 2487 1597 2536 enim
1610 2480 1714 2536 suc-

181 2552 357 2611 ceffive
371 2553 705 2610 admittuntur
719 2579 734 2622 ;
766 2559 938 2612 nonin
953 2553 1307 2612 consonantiis.

1530 2631 1711 2705 Neque
