2029 2912
640 67 1261 125 MVSICaess
1658 94 1719 143 31

189 166 473 216 mitonium
491 163 656 227 majus
673 201 685 220 ‚
713 160 742 212 :31
742 158 816 228 fa
831 155 898 211 ad
909 155 998 226 sol
1016 155 1222 232 semper
1236 173 1428 214 tonum
1439 163 1693 232 majorem
1708 207 1722 228 ‚

189 257 250 292 ac
267 236 493 309 denique
509 232 698 302 {iso'lad
711 237 761 286 la
776 250 965 287 tonum
983 237 1259 307 minorem.

264 315 416 366 Patet
432 309 624 376 3⁰·duo
651 326 860 364 tantum
874 305 976 361 effe
1001 304 1146 381 posse
1162 325 1354 381 genera
1378 315 1530 367 vocis
1558 312 1728 368 artifi-

192 386 339 443 cialis
360 429 372 447 ‚
403 383 698 457 nempeb&
731 379 783 457 ῥ
808 427 820 445 ,
857 388 978 456 quia
992 381 1189 437 scilicet
1203 381 1432 458 spatium
1458 389 1724 442 interA&

189 465 237 517 C
256 504 267 522 ‚
294 459 439 533 quod
457 461 484 510 εὶ
498 478 627 513 voce
644 458 872 514 naturali
889 477 996 512 non
1012 456 1268 513 dividitur
1286 502 1298 521 ‚
1323 461 1500 533 potest
1514 478 1725 516 tantum

189 536 350 591 dividi
369 534 575 589 duobus
590 534 764 589 modis
782 579 793 596 ,
827 540 900 587 ita
915 531 1114 587 scilicet
1130 549 1187 587 ut
1211 531 1545 589 semitonium
1559 555 1726 611 pona-

110 613 113 616 ’
184 628 273 666 tur
289 616 460 683 primo
477 609 601 663 loco
617 609 705 665 vel
719 607 964 663 secundo,

262 687 414 738 Patet
429 684 865 757 4⁰·quareinillis
892 683 1117 739 vocibus
1142 683 1509 741 artificialibus
1537 691 1730 741 iterum

182 776 339 821 notae,
355 759 1142 833 ut,re‚mifa‚sol‚la,repetantur
1155 778 1289 823 3cum
1306 765 1447 814 enim
1462 761 1609 816 verbi
1621 781 1735 836 gra-

183 841 258 890 tia
270 834 334 889 ab
353 840 401 887 A
416 832 480 887 ad
494 834 525 886 b
552 833 882 890 ascendimus
900 878 912 897 ‚
947 853 1066 889 cum
1084 852 1191 887 non
1218 834 1329 888 aliae
1347 832 1447 889 sint
1459 852 1595 890 notae
1612 854 1727 910 quae

182 908 522 967 semitonium
552 913 714 976 majus
746 909 1041 983 significent
1067 926 1222 981 quam
1237 908 1306 962 mi
1318 909 1468 979 &fa‚
1507 910 1630 964 inde
1657 910 1730 965 se-

184 989 364 1057 quitur
380 989 433 1037 in
451 990 500 1037 A
528 983 835 1057 ponendum
853 981 953 1037 esse
969 982 1038 1036 mi
1056 1026 1068 1045 ‚
1101 988 1154 1035 in
1170 981 1200 1034 b
1213 984 1464 1053 autemfa
1479 1028 1491 1046 ,
1521 986 1570 1038 &
1585 991 1659 1040 ita
1674 992 1729 1040 in

183 1058 297 1113 aliis
312 1057 447 1113 locis
463 1057 646 1111 ordine
663 1058 737 1112 est
754 1056 1053 1111 dicendum.
1068 1055 1257 1130 Neque
1275 1056 1472 1113 dixeris
1491 1059 1618 1114 alias
1634 1079 1727 1132 po-

150 1153 159 1161 ·
183 1138 289 1188 tius
306 1149 462 1187 notas
492 1129 639 1186 fuiffe
652 1131 1027 1188 inveniendas:
1059 1130 1155 1183 illae
1177 1135 1317 1184 enim
1332 1129 1542 1186 fuissent
1558 1133 1729 1207 super-

184 1207 331 1270 fluae‚
365 1226 496 1260 cum
510 1206 695 1261 eadem
722 1206 1001 1262 intervalla
1015 1203 1384 1278 defignaffent,
1415 1226 1527 1278 quae
1541 1208 1604 1262 ab
1623 1208 1727 1263 illis

182 1288 331 1337 notis
361 1280 691 1354 designantur
716 1287 770 1334 in
794 1300 926 1335 voce
955 1281 1210 1343 naturali3
1253 1297 1505 1353 praeterea
1529 1287 1729 1336 incom-

184 1355 353 1410 modae
372 1399 383 1416 ‚
424 1361 549 1428 quia
576 1371 725 1410 tanta
751 1370 994 1408 notarum
1022 1353 1312 1408 multitudo
1338 1354 1492 1410 valde
1528 1356 1727 1411 turbas-

183 1429 260 1486 set
275 1428 499 1485 muficos
519 1473 535 1493 ‚
572 1446 680 1484 tam
695 1435 747 1483 in
764 1427 976 1484 Mufica
997 1427 1338 1483 describenda
1352 1473 1363 1491 ‚
1408 1447 1560 1501 quam
1577 1436 1628 1484 in
1645 1451 1724 1486 ca-

184 1505 373 1561 nenda.

258 1584 416 1633 Patet
441 1577 670 1651 denique
708 1577 982 1651 quomodo
1009 1577 1149 1632 fiant¹
1181 1583 1504 1633 mutationes
1531 1578 1594 1633 ab
1619 1597 1725 1633 una

184 1671 317 1709 voce
346 1653 411 1708 ad
437 1653 656 1708 alteram
676 1697 687 1715 ‚
730 1672 920 1726 nempe
943 1671 1037 1726 per
1062 1659 1314 1707 terminos
1342 1652 1547 1708 duabus
1577 1659 1723 1709 voci-

183 1728 283 1784 bus
315 1727 650 1782 c'ommunes:
690 1744 942 1801 praeterea
967 1726 1063 1782 has
1078 1746 1238 1782 voces
1254 1726 1441 1781 distare
1495 1733 1642 1781 uinta
1659 1728 1723 1781 ab

183 1807 445 1864 invicem,
487 1818 644 1875 atque
670 1820 859 1856 vocem
887 1800 1108 1856 bmollis
1140 1807 1379 1855 omnium
1408 1748 1508 1856 efge
1537 1801 1726 1874 gravis-

185 1876 368 1931 fimam
388 1921 399 1939 ‚
439 1882 564 1946 quia
589 1876 819 1950 incipitil
846 1882 1074 1930 termino
1092 1879 1151 1936 F,
1190 1894 1348 1949 quem
1375 1883 1605 1950 primum
1623 1873 1725 1929 esse

184 1949 334 2023 supra
357 1951 700 2020 probavimus
721 1977 734 2015 3
760 1950 1053 2024 atqueideo
1077 1951 1567 2013 vocaturbmollis‚
1601 1955 1726 2025 quia

185 2023 388 2079 scilicet
401 2044 508 2099 quo
539 2042 699 2079 tonus
725 2025 799 2079 est
827 2031 1038 2099 gravior
1054 2043 1117 2078 eo
1145 2025 1358 2078 mollior
1383 2027 1432 2078 8<
1462 2027 1725 2080 remissior

186 2098 259 2152 est
287 2125 298 2153 ε
340 2106 532 2154 minori
568 2107 707 2154 enim
734 2117 866 2173 opus
894 2099 970 2153 est
999 2099 1181 2173 spiritu
1213 2098 1276 2153 ad
1304 2098 1451 2153 illum
1481 2106 1726 2155 emitten-

185 2172 312 2228 dum
339 2175 563 2248 utsupra
588 2180 885 2230 notavimus
905 2218 916 2236 ‚
962 2193 1070 2230 vox
1097 2190 1269 2227 autem
1285 2174 1535 2229 naturalis
1551 2173 1725 2248 media

186 2248 263 2302 est
288 2252 338 2303 &
367 2247 464 2303 esse
495 2249 682 2311 debet,
734 2268 903 2321 neque
943 2254 1082 2302 enim
1126 2248 1378 2303 naturalis
1418 2249 1557 2304 reff'te
1584 2248 1726 2304 dice-

187 2339 328 2376 retur
357 2322 394 2376 s1
425 2323 489 2378 ad
519 2324 663 2378 illam
691 2323 1089 2396 exprimendam
1116 2323 1252 2377 ultra
1279 2323 1498 2378 modum
1524 2342 1716 2380 vocem

185 2413 454 2471 oporteret
479 2398 680 2455 elevare
708 2400 794 2456 vel
816 2398 1111 2473 deprimere
1129 2441 1140 2460 ,
1182 2396 1401 2469 denique
1428 2395 1630 2472 voxfi.
1656 2397 1707 2474 pl

187 2472 428 2545 quadrati
457 2475 757 2548 appellatur
775 2519 786 2538 ,
827 2479 946 2548 quia
963 2473 1247 2528 acutiffima
1263 2474 1339 2528 est
1353 2475 1402 2527 &
1416 2474 1447 2527 b
1461 2477 1607 2530 molli
1623 2494 1719 2548 op-

184 2545 354 2621 posita
368 2593 380 2614 ‚
410 2566 657 2625 praeterea
673 2555 836 2607 etiam
855 2593 868 2613 ‚
897 2555 1019 2620 quia
1034 2547 1225 2606 dividit
1239 2549 1481 2605 ostavam
1504 2556 1556 2606 in
1572 2557 1720 2604 trito-

1591 2642 1717 2680 num
