2029 2912
579 105 1194 162 Mvs1cffij
1618 129 1651 173 9

121 212 281 252 tatur:
307 195 443 269 quod
473 195 759 248 naturaliter
785 192 1048 250 observant
1062 211 1292 251 cantores
1307 197 1356 251 8<
1370 202 1456 269 qui
1470 195 1654 251 ludunt

121 272 466 325 instrumentis
483 313 494 330 ‚
521 275 762 342 praecipue
778 274 828 322 in
855 269 1144 329 cantilenis,
1176 270 1236 324 ad
1251 290 1461 342 quarum
1478 290 1654 326 nume-

120 365 203 401 ros
218 345 432 399 solemus
447 343 619 397 saltate
642 345 691 396 δε
714 342 1005 417 tripudiare:
1033 344 1136 397 haec
1150 351 1284 398 enim
1301 345 1466 419 regula
1483 346 1548 400 ibi
1562 346 1657 399 ser-

121 437 270 477 vatur
283 463 294 480 ‚
310 435 367 472 ut
382 417 584 493 singulis
602 423 826 492 corporis
842 419 1068 472 motibus
1084 462 1095 479 ‚
1111 416 1327 494 singulas
1344 419 1537 473 musicae
1551 421 1660 474 bat-

120 509 256 549 tutas
273 492 638 567 distinguamus
657 536 668 553 ‚
697 492 758 546 ad
779 491 915 564 quod
931 490 1179 567 agendum
1200 500 1353 548 etiam
1366 494 1659 548 naturaliter

119 568 426 642 impellimur
442 567 470 620 a
484 566 680 621 Musica
697 592 707 620 :
725 583 917 620 certum
933 573 1068 623 enim
1085 568 1158 623 est
1173 567 1350 623 sonum
1364 575 1536 623 omnia
1551 588 1659 623 cor-

116 661 241 717 pora
265 648 450 695 circum
468 660 664 713 quaque
692 658 988 703 concutere,
1018 659 1075 696 ut
1103 642 1374 697 advertitur
1390 649 1441 697 in
1457 662 1659 717 campa-

119 721 200 770 nis
217 718 267 770 &
281 722 490 775 tonitru,
509 721 647 784 cujus
663 722 913 770 rationem
930 716 1152 789 Physicis
1170 718 1398 790 relinquo
1416 743 1426 770 ε
1441 717 1523 771 sed
1539 735 1658 770 cum

121 789 287 844 hocin
312 788 532 844 confesso
561 790 646 852 sit,
670 792 720 844 &
739 834 746 851 ,
763 807 820 844 ut
833 791 1051 846 diximus
1068 835 1079 852 ‚
1105 796 1249 844 initio
1267 791 1497 870 cujusque
1514 810 1657 845 men-

119 865 236 919 surae
249 863 430 919 fortius
446 867 496 919 &
509 865 785 919 distinc‘iius
802 909 813 926 ‚
830 865 980 920 sonus
997 873 1256 920 emittatur
1271 909 1282 927 ‚
1300 865 1571 919 dicendum
1585 865 1659 918 est

121 945 277 994 etiam
305 939 446 992 illum
473 939 652 994 fortius
679 939 874 1013 spiritus
904 940 1102 993 nostros
1119 956 1391 994 concutere
1419 941 1449 993 a
1474 940 1659 1012 quibus

118 1013 184 1067 ad
211 1030 411 1067 motum
437 1019 713 1067 excitamur
730 1056 741 1074 ‚
781 1012 915 1066 unde
940 1013 1157 1084 sequitur
1182 1019 1338 1068 etiam
1364 1013 1491 1068 feras
1519 1011 1658 1087 posse

117 1087 293 1141 saltare
312 1087 374 1141 ad
390 1106 656 1141 numerum
686 1085 722 1139 si
745 1085 1020 1140 doceantur
1045 1089 1096 1141 ὅ(
1123 1084 1396 1142 assuescant
1413 1131 1424 1150 ,
1452 1093 1569 1160 quia
1593 1087 1658 1141 ad

118 1161 170 1216 id
184 1162 396 1216 naturali
415 1178 612 1215 tantum
628 1168 821 1233 impetu
834 1181 963 1233 opus
977 1163 1060 1216 est.

194 1235 354 1305 Qiod
381 1252 550 1289 autem
579 1241 760 1288 attinet
785 1234 847 1288 ad
873 1241 1038 1290 varios
1065 1230 1272 1289 affec'tus
1303 1278 1314 1295 ‚
1354 1254 1483 1308 quos
1522 1238 1660 1292 varia

92 1361 98 1366 .
119 1309 350 1363 mensura
364 1309 558 1363 Musica
573 1308 739 1383 potest
754 1314 988 1370 excitare,
1004 1310 1299 1384 generaliter
1311 1309 1426 1363 dico
1444 1354 1454 1372 ‚
1470 1309 1658 1363 tardio-

119 1403 228 1436 rem
240 1385 475 1443 lentiores
494 1390 644 1436 etiam
665 1388 714 1435 in
732 1383 877 1437 nobis
893 1401 1063 1438 motus
1083 1389 1299 1437 excitare
1317 1428 1328 1445 ‚
1354 1385 1527 1455 quales
1543 1385 1658 1438 sunt

117 1457 332 1531 languor
348 1501 360 1518 ‚
388 1457 599 1517 tristitia,
620 1472 784 1509 metus
803 1500 814 1518 ‚
829 1457 1055 1531 superbia
1092 1460 1186 1511 διες
1226 1458 1518 1513 celeriorem
1533 1476 1654 1513 Vero

119 1537 275 1584 etiam
304 1531 566 1585 celeriores
594 1527 803 1583 affecius
820 1574 831 1592 ,
871 1532 1028 1602 qualis
1055 1530 1319 1585 est'laetitia
1345 1534 1438 1585 &cz
1475 1532 1657 1586 eodem

119 1611 273 1663 etiam
287 1604 436 1677 pa&o
452 1602 720 1657 dicendum
736 1603 797 1657 de
812 1603 996 1677 duplici
1011 1624 1191 1678 genere
1201 1606 1407 1660 battutae
1423 1649 1434 1666 ,
1475 1624 1657 1680 nempe

117 1678 414 1749 quadratam
433 1723 444 1740 ,
469 1677 568 1733 five
580 1694 684 1749 quae
702 1684 751 1730 in
768 1678 970 1750 aequalia
984 1695 1227 1752 perpetuo
1243 1679 1506 1734 resolvitur
1523 1724 1535 1740 ‚
1560 1697 1658 1734 tar-

119 1753 312 1806 diorem
326 1752 422 1807 effe
448 1771 599 1825 quam
617 1758 815 1805 tertiata
832 1796 843 1814 ,
874 1751 973 1807 sive
988 1772 1095 1824 quae
1123 1754 1281 1807 tribus
1298 1754 1494 1807 constat
1507 1760 1658 1828 parti·

117 1826 213 1881 bus
227 1826 508 1899 aequalibus:
520 1831 658 1894 cujus
670 1831 796 1879 ratio
812 1826 1129 1898 est‚quiahaec
1145 1832 1303 1900 magis
1319 1845 1534 1901 occupat
1547 1828 1654 1883 sen-

118 1900 226 1954 sum
244 1920 266 1963 ,·
288 1921 402 1954 cum
417 1906 467 1954 in
483 1919 542 1954 ea
558 1901 697 1973 plura
721 1900 816 1953 sint
831 1900 1134 1956 advertenda
1151 1945 1161 1962 ‚
1191 1920 1373 1974 nempe
1388 1908 1482 1955 tria
1496 1921 1656 1956 mem-

118 1974 208 2027 bra
228 2018 239 2034 ‚
266 1975 350 2028 ubi
366 1981 416 2028 in
444 1975 537 2028 alia
552 1991 748 2027 tantum
764 1974 893 2028 duo:
937 1975 1020 2030 secl
1037 1974 1181 2042 hujus
1207 1981 1276 2027 rei
1307 1981 1464 2048 magis
1481 1977 1659 2030 exacta

119 2047 388 2120 disquisitio
410 2048 597 2120 pendet
626 2049 686 2101 ab
712 2047 955 2121 exquisita
981 2054 1267 2123 cognitione
1296 2066 1530 2104 motuum
1547 2056 1655 2106 ani-

120 2127 192 2176 mi
211 2165 221 2182 ,
251 2122 505 2195 dequibus
522 2122 644 2176 niliil
656 2123 812 2196 plura.

191 2198 310 2251 Non
328 2203 564 2250 omittam
582 2214 754 2250 tamen
768 2213 961 2252 tantam
978 2195 1074 2253 effe
1089 2205 1192 2254 vim
1209 2205 1453 2272 temporis
1469 2207 1520 2254 in
1535 2203 1660 2253 Mu-

120 2270 219 2324 sica
238 2314 249 2331 ,
279 2288 334 2325 ut
349 2272 447 2325 hoc
461 2270 620 2324 solum
648 2272 1315 2342 quandam'flelefflationem
1329 2293 1416 2346 per
1441 2275 1486 2328 se
1514 2275 1660 2348 possit

122 2340 302 2399 afferre
320 2388 330 2406 ‚
362 2362 419 2398 ut
433 2360 570 2417 patet
585 2350 636 2397 in
653 2362 899 2419 tympano
915 2346 1250 2402 instrumento
1265 2348 1445 2402 bellico
1462 2393 1473 2407 ,
1488 2354 1537 2402 in
1554 2369 1658 2421 quo

119 2418 245 2474 nibil
261 2418 393 2473 aliud
407 2418 654 2491 speciatur
668 2438 817 2490 quam
836 2420 1062 2475 mensura
1083 2466 1094 2483 ,
1134 2442 1241 2494 quae
1256 2422 1371 2476 ideo
1386 2428 1566 2496 opinor
1586 2423 1654 2477 ibi

122 2488 219 2544 e‘sse
245 2495 413 2566 potest
441 2512 544 2546 non
570 2494 728 2547 solum
756 2493 949 2558 duabus
985 2497 1066 2552 vel
1095 2498 1253 2551 tribus
1280 2497 1500 2570 partibus
1533 2517 1653 2551 con—

120 2565 257 2624 stans
281 2593 295 2634 3
322 2567 404 2624 sed
431 2572 583 2623 etiam
597 2565 725 2624 forte
739 2574 959 2643 quinque
974 2588 1060 2627 aut
1072 2571 1265 2648 septem
1278 2571 1479 2644 aliisque
1497 2598 1509 2637 ς
1536 2591 1651 2626 cum

925 2647 965 2699 B
1514 2652 1653 2703 enim
