2029 2912
292 90 355 160 38
708 85 1412 138 CoMpnNnatvM

289 192 456 229 nonas
473 177 521 228 &
541 188 644 231 tres
662 170 912 243 septimas
931 208 944 227 ‚
959 170 1079 236 quia
1095 171 1194 220 tria
1204 163 1323 220 sunt
1336 164 1591 240 graduum
1607 185 1815 242 genera,

286 247 361 301 hae
377 264 552 304 autem
567 263 751 300 omnes
767 249 902 297 inter
918 239 1019 295 hos
1036 255 1283 295 numeros
1300 238 1618 322 consistunt,-

412 422 566 480 Nona
581 419 810 476 maxima
872 391 926 524 ξ
1106 412 1337 490 Septima
1349 415 1513 490 major
1593 371 1664 522 ἑ

408 576 562 632 Nona
575 576 738 645 major
939 546 1009 666 ἶὲ
1101 567 1332 641 Septima
1352 569 1514 624 minor
1597 539 1650 673 {-

375 708 379 712 ⁵
398 724 555 779 Nona
568 723 727 777 minor
868 698 937 836 ἔ
1097 720 1139 777 S
1139 720 1328 795 efflima
1340 721 1550 779 minima
1584 695 1660 818 39}

1353 879 1355 881 '
1759 875 1784 900 O

347 911 424 960 Ex
444 911 597 962 nonis
612 905 724 961 duat
741 902 860 959 sunt
877 908 1102 973 majores
1124 924 1238 978 quae
1255 910 1502 960 oriuntur
1517 923 1583 961 ex
1599 904 1812 965 duobus

248 1050 251 1053 μ
266 987 414 1035 tonis
433 1025 444 1043 ‚
463 987 630 1055 prima
645 999 712 1034 ex
729 983 940 1047 majori,
958 978 1187 1035 secunda
1200 1000 1266 1035 ex
1283 985 1493 1042 minori,
1509 981 1575 1036 ad
1587 1001 1812 1055 quarum

277 1054 666 1110 distinffiiionem
693 1073 854 1109 unam
883 1059 1172 1109 maximam
1202 1059 1624 1111 nominavimus:
1653 1055 1810 1131 septi-

270 1148 362 1183 mae
386 1146 572 1184 contra
596 1129 706 1184 duae
720 1126 839 1183 sunt
858 1135 1090 1184 minores
1109 1129 1177 1182 ob
1192 1128 1413 1183 eandem
1429 1137 1692 1186 rationem
1710 1173 1723 1194 ,
1756 1130 1811 1186 id

271 1222 442 1277 eoque
459 1223 614 1258 unam
630 1208 907 1257 minimam
922 1208 1254 1259 vocavimus.
1686 1247 1691 1253 .

341 1281 454 1334 Has
471 1295 645 1332 autem
662 1283 715 1330 in
731 1276 872 1332 sonis
898 1276 1170 1331 succeffive
1186 1276 1381 1334 emiffis
1397 1285 1549 1334 vitari
1568 1298 1675 1334 non
1702 1278 1813 1354 pos-

267 1353 320 1407 se
337 1359 470 1406 inter
485 1350 712 1408 diversas
728 1368 906 1426 partes
924 1352 998 1406 est
1015 1351 1380 1415 clarissimum,
1401 1353 1487 1407 sed
1504 1371 1695 1427 quaeret
1708 1359 1806 1408 eti-

269 1447 354 1481 am
371 1426 508 1481 forte
526 1427 716 1499 aliquis
735 1470 746 1487 ‚
779 1444 940 1498 quare
958 1445 1064 1480 non
1094 1444 1234 1499 aeque
1252 1431 1303 1479 in
1320 1445 1453 1481 voce
1470 1427 1746 1483 succeffiva
1761 1447 1812 1482 e-

257 1501 462 1569 jusdem
495 1506 662 1576 partis
695 1499 926 1553 debeant
963 1500 1174 1555 admitti
1215 1502 1666 1573 quemadmodum
1693 1522 1805 1577 gra·

266 1576 365 1631 dus
384 1619 395 1636 ‚
436 1596 554 1630 cum
587 1573 836 1648 quasdam
853 1594 919 1629 ex
949 1574 1053 1628 illis
1072 1575 1364 1629 minoribus
1393 1581 1548 1629 etiam
1577 1582 1812 1631 numeris

266 1651 517 1723 explicari
546 1659 796 1724 appareat
827 1668 988 1722 quam
1019 1647 1113 1722 ipsi
1181 1647 1335 1704 radus
1355 1693 1367 1712 ,
1400 1650 1538 1704 unde
1561 1650 1813 1706 videntur

265 1725 468 1779 auditui
496 1723 609 1779 fore
640 1729 896 1797 gratiores
915 1767 927 1785 ,
961 1729 1106 1792 cujus
1174 1724 1284 1778 ubii
1299 1723 1494 1778 solutio
1519 1725 1717 1799 pendet
1732 1745 1801 1782 ex

266 1817 330 1852 eo
359 1842 370 1857 ‚
405 1798 546 1871 quod
562 1798 717 1872 supra
736 1803 1036 1852 notavimus
1057 1842 1069 1860 ,
1101 1816 1288 1852 vocem
1307 1817 1412 1869 quo
1431 1806 1638 1853 acutior
1652 1801 1726 1854 est
1743 1819 1810 1854 eo

265 1878 450 1940 majori
485 1872 719 1946 indigere
736 1871 916 1945 spiritu
944 1886 1002 1925 ut
1017 1878 1296 1926 emittatur
1316 1916 1329 1935 ‚
1372 1890 1528 1946 atque
1549 1874 1669 1928 ideo
1698 1893 1813 1949 gra-

262 1947 362 2002 dus
381 1954 628 2003 inventos
641 1944 769 2009 esse,
805 1964 866 2002 ut
881 1946 1038 2002 medii
1068 1947 1166 2000 sint
1184 1953 1319 2001 inter
1346 1954 1601 2003 terminos
1619 1948 1804 2003 conso-

268 2028 568 2077 nantiarum
586 2066 598 2083 ‚
628 2038 786 2094 atque
803 2041 896 2096 per
925 2021 1045 2078 illos
1065 2021 1317 2076 facilius-21
1343 2029 1661 2094 graviunius
1687 2043 1812 2078 con-

265 2097 513 2152 sonantiae
532 2103 757 2151 termino
774 2096 837 2151 ad
854 2114 1066 2151 acutum
1086 2095 1454 2157 ascendamus,
1482 2098 1564 2152 vel
1591 2115 1777 2153 contra
1793 2141 1808 2162 ,

266 2171 409 2244 quod
428 2171 564 2225 idem
582 2172 807 2245 praestari
828 2191 932 2224 non
950 2168 1094 2246 posse
1125 2172 1152 2223 a
1177 2170 1409 2245 septimis
1435 2174 1522 2226 vel
1550 2179 1704 2228 nonis
1719 2191 1810 2246 pa-

266 2262 345 2299 tet
382 2264 446 2299 ex
477 2265 570 2308 eo,
599 2245 744 2318 quod
763 2245 945 2300 harum
963 2251 1169 2301 termini
1188 2253 1350 2319 magis
1379 2252 1515 2300 inter
1530 2247 1807 2308 sedistent.

269 2339 429 2392 quam
461 2326 666 2374 termini
700 2320 1154 2376 consonantiarum
1174 2365 1185 2383 ‚
1227 2320 1447 2394 ideoque
1475 2341 1595 2376 cum
1624 2327 1807 2393 majori

273 2394 622 2467 inaequalitate
641 2402 996 2451 contentionis
1013 2396 1263 2473 deberent
1277 2401 1467 2450 emitti.

348 2474 407 2523 In
423 2469 647 2523 secundo
665 2489 851 2543 genere
880 2469 1309 2526 diffonantiarum
1341 2469 1631 2526 consistunt
1651 2476 1810 2527 tertia

276 2549 446 2599 minor
462 2547 510 2600 8(
525 2551 712 2617 quinta
726 2565 828 2601 uno
844 2545 1119 2603 schismate
1135 2545 1446 2604 deficientes
1463 2571 1475 2602 :
1503 2552 1639 2603 Item
1653 2563 1806 2620 quar·

1750 2632 1805 2674 ta
