2029 2912
584 64 1196 119 MVSICAE.
1594 93 1662 146 49

129 174 230 214 nus
258 158 398 211 enim
425 161 594 225 major
618 162 821 231 primus
850 156 924 211 est
951 160 1001 212 &
1029 162 1121 230 qui
1150 163 1377 212 maxime
1402 157 1466 213 ad
1486 161 1666 215 conso-

45 268 50 274 ·
129 237 338 288 nantias
366 231 603 294 accedit,
634 235 685 287 &
718 230 877 306 perse
894 248 1172 305 generatur
1186 232 1663 298 ditonidivisione‚

127 307 217 362 alii
233 325 327 381 per
347 304 592 362 accidens
611 349 622 368 ‚
649 325 713 360 ex
727 306 918 378 quibus
945 309 995 361 ὃ(
1024 307 1280 364 slmilibus
1308 314 1454 364 varia
1480 310 1544 365 de
1572 311 1667 366 ho-

127 402 245 437 rum
263 397 451 437 natura
465 378 672 456 poffent
687 381 910 437 deduci:
934 381 1020 437 sed
1047 383 1264 458 longum
1284 382 1452 439 foret:
1482 389 1531 442 ἃ
1553 393 1667 456 jam

123 457 340 532 quidem
356 455 659 528 sequeretur
673 471 732 511 ut
760 455 825 512 de
849 455 1062 531 fingulis
1090 464 1251 514 animi
1278 460 1515 515 motibus
1534 506 1545 524 ‚
1574 467 1666 533 qui

124 534 155 586 a
179 531 386 587 Musica
408 528 620 606 possunt
649 537 902 595 excitari,
929 533 1203 607 separatim
1222 551 1430 606 agerem
1450 580 1461 596 ,
1489 537 1663 591 osten-

124 607 409 678 deremque
424 625 518 681 per
531 625 663 678 quos
683 605 872 681 gradus
890 608 1257 663 consonantias
1275 650 1287 669 ,
1313 624 1558 684 tempora
1578 656 1590 674 ,
1616 613 1669 665 δε

125 681 313 738 fimilia
330 681 558 737 debeant
573 682 651 737 illi
679 687 898 738 excitati
916 727 928 746 ,
957 681 1046 737 sed
1071 683 1385 739 excederem
1416 705 1667 761 compen-

123 756 197 812 dii
218 757 532 812 institutum.

196 837 422 906 Jamque
449 831 644 888 terram
659 832 817 890 video
834 876 846 895 ,
872 831 1065 888 festino
1097 832 1327 890 adlittus
1350 879 1362 897 ‚
1393 836 1663 909 multaque

120 906 402 964 brevitatis
430 906 601 963 studio
620 951 632 971 ,
678 907 847 962 multa
873 908 1145 965 oblivione
1174 953 1186 972 ,
1227 909 1315 964 sed
1343 911 1493 984 plura
1522 930 1665 968 certe

121 987 421 1056 ignorantia
435 981 523 1037 hic
535 989 729 1036 omitto
748 1026 760 1045 ‚
800 989 975 1057 patior
993 1000 1171 1038 tamen
1187 983 1328 1039 hunc
1343 992 1536 1061 ingenii
1557 994 1663 1042 mei

117 1075 332 1132 partum
348 1102 360 1121 ‚
392 1063 468 1113 ita
481 1056 763 1112 informem
782 1100 795 1118 ‚
822 1056 1027 1129 &quafi
1039 1058 1161 1112 ursae
1174 1058 1364 1113 foetum
1377 1081 1541 1135 nuper
1559 1062 1667 1116 edi-

119 1148 235 1187 tum
254 1177 266 1196 ,
300 1133 364 1188 ad
380 1149 431 1188 te
448 1139 592 1187 exire
613 1175 625 1193 ‚
654 1149 711 1187 ut
727 1130 791 1186 fit
817 1131 1196 1189 familiaritatis
1214 1135 1397 1189 nostrae
1428 1155 1664 1192 mnemo-

118 1207 311 1281 synum
327 1212 376 1265 ὃ(
397 1207 729 1262 certiffimum
760 1212 865 1262 mei
881 1212 935 1261 in
950 1224 1002 1262 te
1030 1215 1223 1263 amoris
1247 1217 1630 1266 monimentum
1650 1256 1662 1274 ‚

119 1281 221 1336 hac
236 1298 414 1337 tamen
432 1326 444 1344 ‚
475 1281 511 1334 fi
525 1282 703 1357 placet
722 1326 734 1345 ,
765 1280 1075 1337 conditione
1093 1327 1105 1346 ‚
1123 1300 1183 1337 ut
1197 1302 1454 1358 perpetuo
1471 1292 1523 1339 in
1539 1286 1662 1341 scri-

120 1362 332 1412 niorum
359 1357 446 1413 vel
475 1356 645 1411 musaei
672 1362 750 1411 tui
764 1357 1086 1413 umbraculis
1110 1358 1419 1415 delitescens
1436 1361 1660 1416 aliorum

113 1430 314 1500 judicia
330 1451 437 1485 non
465 1430 695 1506 perferat
713 1475 725 1494 ‚
758 1437 879 1505 qui,
909 1431 1040 1486 ficut
1055 1449 1108 1487 te
1124 1431 1380 1489 fasturum
1398 1435 1528 1490 mihi
1544 1436 1662 1512 pol·
1689 1463 1694 1466 ·

118 1506 302 1568 liceor‚
322 1506 386 1561 ab
402 1506 561 1576 hujus
577 1512 775 1562 truncis
790 1507 1027 1581 partibus
1043 1507 1334 1565 benevolos
1353 1511 1539 1566 oculos
1553 1531 1661 1565 non

119 1597 423 1637 averterent
454 1580 518 1635 ad
536 1580 650 1636 illas
670 1625 681 1643 ‚
724 1587 778 1634 in
794 1581 980 1653 quibus
997 1601 1104 1636 non
1135 1582 1280 1639 nulla
1297 1603 1435 1638 certe
1462 1592 1660 1662 ingenii

119 1662 225 1709 mei
255 1656 574 1710 lineamenta
600 1655 666 1711 ad
694 1661 874 1712 vivum
911 1655 1141 1732 expressa
1168 1678 1275 1712 non
1303 1660 1534 1724 inficior,
1563 1680 1662 1716 nec

118 1730 309 1784 scirent
324 1730 427 1792 hie,
447 1736 584 1785 inter
597 1737 952 1804 ignorantiam
965 1731 1248 1787 militarem
1266 1734 1329 1788 ab
1342 1734 1557 1791 homine
1573 1736 1661 1792 de-

120 1804 310 1859 sidioso
326 1806 557 1860 &libero
576 1850 587 1868 ‚
612 1805 923 1879 penitusque
942 1806 1138 1863 diversa
1165 1814 1488 1882 cogitanti&
1509 1830 1660 1887 agen-

124 1885 162 1933 ti
181 1921 192 1941 ,
219 1880 545 1936 tumultuose
563 1888 637 1935 tui
652 1880 812 1937 solius
827 1889 996 1956 gratia
1008 1880 1109 1938 effe
1125 1878 1495 1959 compositum.

596 2084 1188 2139 FENIS.
