2029 2912
630 66 1260 132 ΑΜνεῐειιε,
1646 86 1708 133 33

183 154 289 209 duo
307 168 570 208 mutantur
586 150 709 206 dum
728 152 787 206 fit
805 157 1028 212 mutatio
1045 151 1110 206 ad
1125 151 1425 224 sequentem
1439 148 1676 205 ordinem
1697 193 1709 211 ‚

184 234 235 285 ὅ(
263 237 337 284 ita
364 236 420 283 in
444 228 537 281 illo
564 243 835 280 remanent
863 242 1070 282 tantum
1099 234 1187 296 4⁰¹⁷
1205 231 1419 279 termini
1446 244 1510 278 ex
1535 229 1597 279 iis
1625 230 1711 296 qui

183 321 332 358 erant
349 310 400 356 in
417 306 606 375 priori,
633 301 774 372 quod
791 301 824 355 ss
842 301 1034 354 rursum
1052 301 1114 356 ad
1134 306 1347 354 tertium
1364 299 1601 353 ordinem
1620 301 1713 354 fiat

181 376 443 438 transitus,
463 375 567 429 duo
585 381 772 428 iterum
790 374 976 448 gradus
993 394 1057 428 ex
1074 382 1159 444 4⁰¹·
1175 373 1583 448 praecedentibus
1600 394 1712 427 mu-

181 454 429 507 tabuntur
447 495 458 513 ,
505 454 642 504 &ita
662 450 1009 504 remanebunt
1039 466 1244 504 tantum
1265 448 1371 502 duo
1402 453 1544 502 exiis
1557 453 1645 520 qui
1664 466 1713 500 e·

181 535 363 581 rantin
390 528 547 599 priori
562 524 747 578 ordine
766 567 778 586 ,
808 530 892 594 qui
909 522 1127 594 denique
1155 522 1465 592 tolle-rentur
1493 527 1544 575 in
1561 541 1713 594 quat-

179 617 238 654 to
264 601 449 655 ordine
467 643 480 662 ‚
511 598 548 652 fi
573 597 639 652 ad
668 598 817 652 illum
833 598 986 669 usquc
1004 596 1448 672 fieretprogreffio
1469 612 1551 656 ,ut
1566 611 1715 669 patet

182 681 236 728 in
254 676 450 750 figura:
478 673 617 727 unde
633 672 1068 742 evidentissimum
1095 671 1294 726 estnon
1322 671 1436 725 fore
1455 688 1580 724 tunc
1597 689 1716 725 ean·

182 749 303 804 dem
333 749 648 804 cantilenam
667 765 779 820 quae
806 745 981 801 fuiffet
1009 752 1161 800 initio
1179 752 1194 809 ,’
1234 765 1353 800 cum
1379 744 1554 799 nullus
1576 750 1628 798 in
1655 763 1717 800 ea

183 830 439 879 terminus
470 823 610 883 idem
627 839 922 876 remaneat:
966 821 1110 894 quod
1127 838 1302 875 autem
1319 819 1528 874 additur
1546 818 1608 872 de
1626 818 1716 872 usu

180 897 428 956 dioeseon,
449 897 568 951 dico
586 896 702 950 illas
724 915 828 949 non
847 898 1164 950 constituere
1181 902 1415 968 integros
1431 893 1636 947 ordines
1656 910 1716 947 ut

182 971 213 1024 h
242 973 405 1044 molle
432 971 517 1027 vel
553 971 604 1043 ly
629 1015 641 1033 ‚
683 969 770 1024 sed
798 976 851 1023 in
879 990 984 1024 uno
1012 968 1122 1023 solo
1151 974 1380 1023 termino
1410 965 1714 1035 consistere.

179 1064 337 1117 quem
353 1047 562 1102 elevant
579 1064 702 1104 uno,
717 1049 926 1118 opinor,
945 1043 1219 1098 semitonio
1236 1049 1438 1098 minore
1457 1085 1470 1104 ‚
1502 1041 1715 1114 reliquis

180 1122 426 1176 omnibus
469 1119 737 1174 cantilenae
779 1124 1016 1173 terminis
1057 1122 1356 1172 immutatis
1373 1161 1385 1180 ,
1425 1115 1563 1188 quod
1590 1134 1716 1186 quo-

180 1195 341 1249 modo
356 1197 574 1266 &quare
591 1193 686 1247 fiat
705 1199 814 1262 jam
827 1191 946 1247 satis
960 1212 1065 1246 non
1081 1197 1325 1253 memini,
1355 1207 1414 1245 ut
1430 1190 1612 1265 poffim
1629 1210 1715 1244 ex·

178 1270 378 1342 plicare
396 1314 409 1333 ,
452 1287 618 1339 neque
635 1273 764 1331 item
778 1286 934 1338 quare
951 1267 1074 1320 dum
1090 1286 1193 1321 una
1209 1265 1465 1319 duntaxat
1493 1282 1621 1319 nota
1635 1264 1715 1318 su-

180 1364 274 1417 pra
316 1346 372 1396 la
396 1387 407 1404 ‚
452 1343 686 1396 elevatur
714 1386 726 1404 ,
782 1342 863 1395 illi
890 1340 920 1393 b
950 1340 1116 1395 molle
1145 1340 1278 1394 solet
1304 1338 1474 1413 affigi,
1516 1343 1621 1408 q'uae
1650 1358 1715 1392 ex

178 1425 327 1488 praxi
342 1417 494 1472 facile
510 1416 700 1470 deduci
716 1413 859 1490 posse
875 1415 1115 1469 existimo
1131 1459 1143 1475 ‚
1168 1413 1202 1467 s1
1220 1413 1469 1489 graduum
1491 1456 1501 1473 ‚
1527 1419 1579 1466 in
1597 1419 1710 1485 qui-

178 1492 276 1549 bus
295 1493 384 1546 illa
416 1493 759 1551 adhibentur,
803 1492 1062 1544 &vocum
1082 1531 1092 1547 ‚
1120 1506 1228 1560 quae
1256 1488 1499 1542 cumillis
1531 1487 1712 1541 conso-

181 1573 387 1620 nantias
416 1565 678 1625 efficiunt,
709 1570 910 1619 numeri
925 1562 1273 1617 subducantur
1295 1606 1306 1625 ,
1335 1561 1596 1633 resqueest
1616 1605 1628 1624 ‚
1657 1581 1713 1615 o-

179 1646 332 1714 pinor
350 1685 361 1702 ‚
396 1639 555 1712 digna
578 1638 937 1694 meditatione.

258 1720 497 1787 Denique
514 1714 600 1767 hic
618 1711 787 1787 posset
802 1713 960 1781 objici
978 1709 1712 1779 6.voces,ut‚re‚mifiz‚sf>l‚la,

179 1787 280 1859 effe
297 1789 579 1863 superfluas
600 1789 675 1848 ,ἃ
693 1805 918 1861 quatuor
933 1785 1193 1849 sufficere,
1214 1805 1332 1840 cum
1350 1791 1447 1838 tria
1461 1783 1713 1850 duntaxat

180 1863 278 1930 sint
294 1863 493 1917 diversa
522 1863 798 1918 intervalla
816 1906 828 1923 ‚
859 1881 963 1932 quo
979 1862 1134 1936 paeto
1154 1879 1294 1915 certe
1320 1857 1575 1912 Musicani
1594 1878 1713 1913 can-

179 1937 428 2010 tatiposse
459 1956 732 2012 nonnego.
771 1937 868 1990 Sed
882 1942 1002 2007 quia
1026 1955 1214 2011 magna
1241 1931 1715 1988 differentiaestin-

179 2027 254 2064 ter
283 2018 537 2066 terminos
568 2029 777 2065 acutum
798 2014 848 2066 3<
877 2029 1090 2084 gravem
1111 2055 1123 2072 ‚
1165 2008 1432 2084 gravisque
1464 2006 1524 2060 sit
1552 2006 1713 2080 long'e'

176 2094 493 2160 praecipuu5‚
537 2102 596 2140 ut
627 2086 776 2161 supra
804 2102 1046 2139 notatum
1079 2084 1183 2145 est,
1224 2083 1422 2137 idcirco
1452 2081 1638 2135 melius
1662 2083 1712 2135 δε

180 2162 509 2215 commodius
528 2161 602 2215 est
628 2158 843 2215 diversis
864 2166 1005 2214 notis
1026 2166 1130 2220 uti,
1151 2175 1306 2228 quam
1325 2157 1505 2211 iisdem
1532 2156 1712 2213 versus

177 2253 378 2289 acutam
396 2252 598 2308 partem
616 2238 665 2290 ὃ(
678 2234 855 2289 versus
871 2252 1097 2307 gravem.

248 2315 356 2364 Hic
385 2326 556 2363 autem
587 2309 732 2364 locus
750 2315 914 2382 exigit
942 2324 998 2360 ut
1013 2306 1196 2360 horum
1225 2303 1477 2379 graduum
1507 2309 1712 2378 praxim

177 2384 496 2458 explicemus
514 2428 526 2445 ‚
562 2382 834 2453 quomodo
848 2401 914 2435 ex
932 2382 1036 2437 illis
1053 2397 1229 2455 partes
1248 2377 1570 2434 Musicae'smt
1590 2398 1713 2432 con-

177 2459 390 2513 stitutae.
428 2460 476 2510 &
501 2478 605 2532 qua
633 2463 836 2512 ratione
880 2455 1089 2511 Musica
1119 2454 1378 2508 ordinaria
1415 2455 1442 2506 a
1468 2453 1711 2526 praeficis

178 2530 471 2608 composita
509 2532 574 2588 ad
596 2538 710 2602 jam
749 2531 888 2587 dieia
925 2531 1204 2586 reducatur
1230 2572 1242 2591 ,
1292 2530 1342 2583 &
1370 2527 1712 2584 consonantiae

1041 2609 1080 2658 Ε
1525 2619 1711 2656 omnes
