2029 2912
601 40 1266 118 ‘MVSICAE
1658 87 1724 135 27

191 154 243 209 &
259 151 392 208 duos
409 166 568 205 tonos
586 155 818 205 minores
836 191 848 209 ‚
869 165 931 204 ut
947 149 1001 204 id
1018 149 1124 206 sine
1138 150 1393 207 fractione
1411 153 1523 208 fieri
1537 151 1725 228 poffet,

189 228 402 282 deberet
415 231 573 280 etiam
589 246 636 295 4.
654 241 813 280 tonos
827 231 1050 294 majores
1068 233 1358 289 continere,
1376 226 1456 282 sed
1471 234 1590 300 quia
1607 248 1729 282 con-

190 311 325 357 tinet
340 317 549 356 tantum
563 299 809 358 tres‚ideo
826 296 1160 355 necessatium
1174 301 1249 355 e'st
1265 319 1324 355 ut
1338 302 1514 373 aliquo
1531 310 1582 356 in
1599 302 1723 357 loco

188 396 400 433 utamur
413 374 669 429 fraffione
683 373 910 445 quadam
928 418 939 435 ‚
969 393 1078 446 quae
1095 373 1393 431 differentia
1419 376 1481 432 sit
1496 383 1630 431 inter
1646 394 1727 432 to-

189 472 314 507 num
334 454 587 517 majorem
605 452 653 504 &
676 454 1117 520 minorem,quam
1133 450 1353 505 schisma
1371 458 1722 514 nominamus,

186 526 275 583 vel
289 531 449 578 etiam
466 531 604 578 inter
628 540 817 578 tonum
833 528 1139 590 majorem&
1163 524 1501 579 semitonium
1531 533 1698 595 majus
1719 570 1728 585 ,-

186 620 297 672 quae
317 605 554 653 continet
567 597 905 652 semitonium
922 604 1097 652 minus
1112 619 1232 653 cum
1246 598 1520 654 schismate
1541 645 1552 662 ‚
1571 618 1627 653 ut
1643 600 1735 655 sci-

188 676 319 730 licet
334 674 520 728 harum
538 671 851 727 fractionum
868 673 1070 728 auxilio
1088 673 1225 728 idem
1245 690 1405 729 tonus
1424 681 1592 744 major
1606 693 1732 745 quo-

190 747 483 805 dammodo
499 747 710 802 mobilis
728 747 839 809 fiat,
855 751 905 803 &
920 747 1146 802 duorum
1166 767 1379 802 munere
1395 748 1545 822 fungi
1564 749 1734 822 poffit,

184 823 331 897 quod
345 822 498 878 facile
509 821 719 878 videtur
735 827 789 875 in
805 822 1104 896 figurisjam
1121 822 1374 896 appofitis
1400 822 1486 876 hic
1505 869 1517 886 ‚
1546 824 1634 877 ubi
1652 840 1733 877 to-

186 906 294 955 tius
315 899 512 952 ostavae
530 896 758 971 spatium
776 903 829 950 in
848 898 1106 951 circulum
1128 897 1400 952 volvimus
1419 898 1605 952 eodem
1622 918 1735 951 mo-

183 993 293 1046 quo
312 1016 323 1033 ‚
338 991 445 1043 quo
461 977 513 1024 in
530 971 720 1024 ultima
737 971 904 1044 figura
915 971 1197 1044 superioris
1214 972 1487 1026 trastatus.

259 1045 549 1119 thuidem
566 1051 620 1098 in
634 1061 854 1115 utraque
871 1045 1031 1100 exhis
1050 1044 1229 1118 figuris
1256 1043 1453 1119 singula
1479 1047 1723 1100 interval·

185 1120 238 1176 la
251 1141 416 1191 unum
439 1118 964 1192 gradumdefignant
989 1136 1170 1193 praeter
1199 1119 1335 1182 duo,
1380 1139 1568 1193 nempe
1600 1121 1729 1174 schi-

185 1196 297 1250 sma
312 1202 366 1249 in
381 1199 553 1269 prima
569 1236 580 1254 ‚
609 1193 946 1247 semitonium
966 1198 1140 1248 minus
1158 1214 1277 1263 cum
1293 1193 1571 1248 schismate
1589 1201 1640 1248 in
1658 1195 1729 1248 se-

183 1269 359 1325 cunda
377 1314 388 1333 ‚
416 1286 525 1340 quae
542 1267 650 1321 duo
666 1267 1070 1340 quodammodo
1096 1268 1315 1322 mobilia
1328 1268 1473 1328 sunt,
1502 1275 1576 1321 ita
1591 1286 1650 1322 ut
1665 1269 1730 1324 ad

188 1361 474 1415 utrumque
492 1341 709 1415 gradum
741 1341 832 1394 fibi
859 1348 1098 1397 vicinum
1115 1341 1394 1398 successive
1409 1341 1701 1397 referantur
1715 1387 1727 1404 ‚

187 1419 330 1473 unde
359 1418 422 1471 fit
450 1432 511 1470 ut
539 1434 643 1469 non
680 1415 932 1489 poffimus
959 1422 1134 1486 primo
1158 1422 1210 1470 in
1257 1416 1422 1490 figura
1449 1422 1609 1490 priori
1639 1437 1729 1490 per

184 1491 419 1569 gradusa
451 1492 550 1545 288
583 1490 648 1543 ad
676 1511 784 1560 405
818 1489 1094 1543 ascendere
1114 1535 1125 1551 ‚
1167 1489 1260 1544 nisi
1288 1492 1518 1545 medium
1548 1499 1726 1545 termi-

187 1587 318 1621 num
348 1563 747 1638 quodammodo
788 1563 1078 1618 tremulum
1116 1571 1425 1621 emittamus
1444 1609 1455 1627 ‚
1510 1572 1581 1619 ita
1608 1583 1666 1619 ut
1693 1564 1728 1618 ss

186 1643 290 1698 288
311 1640 554 1714 respiciat
573 1683 584 1700 ‚
624 1637 862 1694 videatur
876 1635 979 1692 effe
994 1640 1119 1708 480.
1153 1638 1189 1692 si
1217 1659 1343 1694 vero
1371 1662 1476 1710 405
1509 1656 1635 1694 tunc
1652 1645 1730 1695 vi-

184 1716 370 1772 deatur
393 1712 493 1769 esse
517 1715 638 1783 486.
657 1755 669 1774 ‚
711 1728 773 1766 ut
786 1712 989 1767 scilicet
1007 1734 1129 1768 cum
1146 1729 1372 1784 utroque
1400 1719 1608 1768 tertiam
1635 1719 1731 1767 mi-

184 1809 371 1845 norem
402 1786 629 1850 efficiat‘,
683 1803 844 1861 atque
871 1803 982 1842 tam
1011 1794 1200 1863 exigua
1227 1788 1300 1842 est
1325 1785 1626 1843 differentia
1654 1794 1729 1842 in-

185 1881 266 1919 ter
284 1866 389 1933 480
409 1864 580 1932 &486
597 1906 607 1922 ‚
643 1877 704 1915 ut
730 1863 868 1916 illius
900 1868 1107 1917 termini
1130 1907 1140 1924 ‚
1173 1868 1257 1933 qui
1286 1863 1349 1917 ab
1375 1880 1593 1934 utroque
1610 1881 1729 1914 con-

185 1938 443 2000 stituitur,
488 1935 757 1993 mobilitas
785 1956 893 1991 non
907 1934 1563 2011 perceptibilidissonantia
1580 1936 1724 1992 audi-

186 2028 297 2067 tum
322 2011 489 2067 feriat.

260 2086 468 2142 Deinde
512 2092 564 2140 in
602 2085 826 2140 secunda
854 2085 1026 2158 figura
1063 2084 1252 2139 eodem
1281 2084 1432 2158 pacoro
1473 2104 1577 2138 non
1618 2083 1729 2157 pos-

185 2159 360 2216 sumus
392 2162 421 2214 a
449 2167 675 2215 termino
705 2162 812 2232 480
841 2159 907 2214 ad
948 2181 1055 2230 324
1078 2180 1170 2233 per
1206 2158 1392 2232 gradus
1429 2158 1727 2221 ascendere,

186 2234 283 2290 nisi
311 2241 468 2290 etiam
493 2235 724 2290 medium
752 2241 1034 2289 terminum
1054 2240 1129 2288 ita
1157 2233 1468 2293 efferamus,
1506 2251 1566 2287 ut
1596 2232 1631 2286 s1
1651 2253 1727 2287 re-

186 2308 218 2363 s
248 2315 371 2365 iciat
394 2312 500 2380 480
548 2309 610 2364 fit
643 2311 762 2378 384.
792 2307 829 2363 fi
872 2330 978 2378 324
1006 2308 1065 2361 sit
1090 2330 1227 2380 405,
1266 2326 1327 2363 ut
1356 2328 1474 2362 cum
1505 2323 1725 2378 utroque

118 2386 124 2391 ’
187 2330 432 2438 <lemnum
464 2382 657 2439 efficiat
680 2428 690 2445 ,
730 2382 819 2438 sed
833 2390 953 2455 quia
979 2389 1113 2437 inter
1131 2385 1236 2453 384
1263 2386 1435 2454 &405
1465 2398 1613 2436 tanta
1628 2381 1726 2436 dif-

187 2455 411 2513 ferentia
438 2457 511 2512 est
535 2501 548 2520 ‚
599 2475 659 2514 ut
699 2458 841 2514 nulla
878 2479 988 2516 vox
1015 2479 1080 2515 ex
1106 2458 1211 2513 illis
1237 2464 1305 2512 ita
1342 2456 1493 2531 poffit
1522 2472 1720 2530 tempe-

188 2538 288 2588 tari
312 2576 323 2595 ‚
349 2539 473 2606 quin
495 2532 533 2591 fi
551 2533 803 2591 consonet
831 2554 949 2590 cum
967 2554 1073 2591 uno
1101 2538 1461 2595 exextremis,
1492 2532 1719 2612 maxime

200 2633 206 2640 ·
1054 2613 1105 2663 D
1152 2629 1178 2663 2
1600 2627 1716 2664 cum
