2029 2912
341 113 408 187 48
759 69 1460 166 CoM'px-:N'n‘utvm

917 271 1019 338 De
1053 266 1300 340 ‚Motha

345 417 676 556 CElebris
706 414 782 470 est
808 413 999 468 horum
1037 410 1293 467 tractatus
1324 408 1466 483 apud
1492 408 1757 482 prafficos
1779 452 1791 470 ‚
1831 411 1884 466 &

475 498 565 565 qui
595 490 691 545 sint
707 508 892 544 omnes
926 503 1150 548 norunt,
1181 484 1384 538 idcirco
1403 483 1544 538 foret
1577 483 1884 556 supervaca-
1926 510 1940 523 ·
2016 473 2029 491 ⁸

339 587 494 621 neum
512 566 803 641 explicare:
835 563 888 616 hi
919 580 1099 617 autem
1114 565 1354 613 oriuntur
1368 576 1431 611 ex
1446 576 1509 611 eo
1534 600 1544 618 ,
1574 558 1719 630 quod
1737 559 1881 612 osta-

336 648 472 697 vain
487 641 713 714 aequales
743 637 932 710 gradus
946 656 1055 691 non
1084 634 1144 689 sir
1161 633 1356 694 divisa,
1389 631 1551 687 modo
1565 637 1703 685 enim
1722 637 1774 685 in
1793 631 1884 686 illa

337 719 541 774 Tonus‚
558 714 719 769 modo
731 713 1065 767 semitonium
1084 714 1368 785 reperitur:
1385 724 1634 781 praeterea
1653 724 1719 760 ex
1735 711 1885 776 quin-

339 807 407 852 ta,
427 797 552 864 quia
569 789 659 843 illa
674 792 914 842 omnium
929 785 1136 841 auribus
1153 783 1505 856 acceptissima
1521 781 1597 834 est
1611 824 1622 842 ‚
1639 781 1690 833 &
1706 784 1884 834 omnis

342 865 604 919 cantilena
632 863 786 932 hujus
818 877 1026 915 tantum
1059 862 1228 934 gratia
1260 856 1400 912 faCta'
1425 853 1526 910 esse
1555 854 1791 916 videtur,
1837 874 1882 921 7.

340 946 482 994 enim
510 938 772 994 duntaxat
799 933 1010 990 diversis
1039 933 1210 988 modis
1240 931 1491 987 ostavain
1508 928 1884 1004 graduspotest

339 1013 502 1068 dividi
534 1057 546 1076 ‚
587 1031 813 1085 quorum
844 998 1190 1082 unusquisque
1217 1006 1424 1061 duobus
1442 1011 1632 1059 iterum
1654 1002 1826 1057 modis
1854 1001 1886 1055 a

339 1094 523 1162 quinta
538 1086 702 1143 dividi
719 1083 887 1161 potest
903 1128 914 1145 ‚
939 1100 1122 1157 praeter
1139 1081 1247 1137 duo
1266 1126 1277 1141 ,
1316 1099 1541 1154 quorum
1557 1084 1610 1132 in
1631 1097 1739 1132 uno
1756 1095 1885 1149 quo-

338 1181 437 1233 que
454 1161 613 1216 semel
631 1165 884 1233 reperitur
895 1157 1019 1212 falsa
1034 1163 1218 1228 quinta
1233 1156 1356 1209 loco
1373 1160 1564 1225 quintae
1586 1195 1596 1212 ‚
1623 1151 1761 1205 unde
1776 1156 1882 1204 orti

338 1238 459 1292 sunt
487 1251 694 1291 tantum
725 1232 1006 1288 duodecim
1032 1229 1209 1291 modi,
1258 1249 1326 1283 ex
1352 1228 1537 1299 quibus
1572 1231 1731 1281 etiam
1759 1242 1885 1296 qua-

339 1329 460 1367 tuor
475 1311 595 1366 sunt
609 1314 781 1364 minus
797 1308 1065 1381 elegantes
1086 1348 1097 1366 ‚
1127 1323 1191 1359 ex
1207 1323 1271 1358 eo
1289 1301 1431 1377 quod
1458 1309 1510 1356 in
1527 1301 1716 1355 horum
1731 1304 1901 1381 quin-⁶

341 1392 410 1442 tis
428 1392 652 1441 tritonus
669 1388 963 1457 reperiatur
980 1425 991 1442 ,
1009 1386 1082 1434 ita
1095 1396 1155 1433 ut
1175 1399 1279 1433 non
1294 1377 1485 1452 posslnt
1502 1395 1530 1428 a
1545 1381 1730 1448 quinta
1744 1379 1886 1448 prin-

343 1461 563 1535 cipali&
591 1463 737 1525 cujus
764 1462 930 1529 gratia
945 1470 1059 1510 tota
1075 1454 1343 1509 cantilena
1373 1451 1584 1507 videtur
1602 1453 1881 1522 componi,

340 1555 433 1612 per
462 1534 657 1609 gradus
687 1530 957 1586 ascendere
973 1529 1061 1585 vel
1087 1526 1410 1582 descendere.
1459 1531 1587 1595 quin
1605 1518 1884 1576 necessario

342 1626 587 1663 occurrat
613 1605 739 1662 falsa
755 1606 942 1660 relatio
958 1608 1141 1657 tritoni
1159 1619 1245 1655 aut
1273 1599 1406 1655 falsae
1423 1605 1622 1671 quintae.
1665 1600 1800 1651 Tres
1819 1602 1875 1649 in

339 1683 578 1757 quolibet
594 1681 754 1736 modo
770 1680 885 1735 sunt
911 1675 1452 1749 terminiprincipales
1472 1718 1483 1734 ‚
1530 1674 1558 1726 a
1586 1672 1776 1742 quibus
1802 1676 1880 1724 in-

344 1757 652 1832 cipiendum
676 1758 725 1809 &
750 1761 977 1809 maxime
1006 1750 1297 1806 finiendum
1317 1793 1328 1811 ‚
1360 1765 1421 1803 ut
1448 1765 1634 1802 omnes
1655 1762 1879 1799 norunt:

343 1849 606 1891 vocantur
620 1847 797 1885 autem
812 1828 1084 1883 moditum
1111 1845 1176 1880 ex
1201 1845 1265 1878 eo
1295 1822 1439 1894 quod
1457 1821 1779 1876 cantilenam
1795 1837 1880 1871 co-

343 1907 532 1962 hibent
549 1925 611 1960 ne
630 1905 769 1959 ultra
784 1902 1001 1957 modum
1020 1902 1173 1968 hujus
1189 1915 1365 1974 partes
1397 1898 1706 1971 divagemur
1724 1937 1735 1954 ,
1763 1910 1881 1947 tum

345 1988 505 2037 ctiam
534 1987 792 2056 praecipuc
820 2022 832 2041 ‚
874 1983 997 2050 quia
1024 1976 1103 2029 illi
1131 1980 1238 2047 apti
1264 1973 1383 2027 sunt
1409 1971 1475 2026 ad
1502 1966 1884 2025 continendum

345 2063 522 2114 varias
543 2056 827 2111 cantilenas
848 2097 859 2115 ,
889 2070 998 2123 quae
1025 2047 1370 2106 diversimode
1402 2065 1499 2100 nos
1524 2043 1758 2100 afficiant
1783 2061 1881 2114 pro

347 2130 629 2185 modorum
646 2135 894 2184 varietate
914 2171 926 2189 ,
954 2125 1019 2180 de
1044 2125 1234 2197 quibus
1262 2121 1431 2176 multa
1453 2120 1671 2195 practici
1695 2136 1882 2172 verum

347 2205 458 2259 sola
475 2209 801 2279 experientia
817 2201 988 2260 dococi,
1017 2200 1240 2272 quorum
1259 2202 1486 2250 rationes
1515 2194 1690 2248 multae
1725 2189 1885 2245 dedu-

354 2278 630 2355 ciposl'unt
646 2298 710 2333 ex
725 2276 1058 2351 supradietis:
1091 2290 1294 2328 certum
1322 2277 1460 2325 enim
1491 2268 1566 2323 est
1596 2274 1649 2322 in
1677 2264 1884 2338 quibus-

353 2355 475 2410 dam
505 2355 684 2427 plurcs
701 2353 917 2407 ditonos
934 2350 1018 2406 vel
1034 2355 1219 2404 tertias
1237 2351 1467 2400 minores
1483 2346 1532 2397 8<
1548 2349 1597 2397 in
1616 2346 1779 2415 magis
1796 2339 1886 2396 vel

352 2438 530 2486 minus
560 2428 938 2503 principalibus
966 2426 1099 2480 locis
1129 2426 1351 2478 inveniri
1376 2464 1387 2481 ‚
1436 2439 1499 2473 ex
1525 2416 1712 2489 quibus
1741 2433 1885 2489 paene

348 2524 566 2561 omnem
604 2502 813 2557 Musica:
851 2506 1159 2554 varietatem
1197 2501 1322 2551 oriri
1349 2494 1493 2568 supra
1530 2490 1882 2546 ostendimus:

353 2597 602 2656 praeterea
618 2583 778 2634 ctiam
795 2576 935 2633 idem
953 2575 1057 2632 dici
1071 2571 1241 2651 posset
1263 2570 1327 2628 de
1353 2568 1605 2645 gradibus
1624 2564 1773 2643 ipfis,
1803 2581 1885 2618 to-

1782 2654 1885 2695 nus
