2029 2912
649 65 1260 122 Mvstcaess
1652 92 1721 143 25

177 157 229 213 &
270 160 345 211 ita
359 159 563 228 integra
592 152 783 208 offiava
822 150 1030 206 constat
1054 150 1225 207 tribus
1253 158 1396 210 tonis
1434 155 1721 224 majoribus

175 229 387 286 duobus
403 228 697 284 minoribus
713 230 762 282 &
779 225 986 281 duobus
1001 225 1291 283 semitoniis
1308 232 1589 298 majoribus
1606 276 1618 295 ‚
1659 246 1722 286 ut

173 322 325 380 patet
339 303 676 366 discurrenti;
715 301 906 374 hicque
922 300 1177 355 habemus
1205 309 1309 357 tria
1334 304 1593 361 duntaxat
1606 325 1722 380 gra-

175 377 338 435 duum
353 396 543 453 genera
560 422 571 440 ,
603 376 941 431 semitonium
970 382 1145 431 minus
1160 382 1299 430 enim
1327 379 1632 435 excluditur
1651 399 1720 436 ex

175 470 242 508 eo
258 453 401 527 quod
420 473 527 507 non
540 451 846 506 immediate
873 450 1076 505 dividat
1090 451 1467 509 consonantias
1486 498 1497 516 ,
1534 455 1623 509 sed
1637 472 1718 509 to·

175 546 302 582 num
318 534 578 582 minorem
593 526 849 580 duntaxat
866 542 951 588 ;ut
967 527 1112 581 verbi
1130 533 1299 598 gratia
1316 526 1349 579 si
1367 528 1573 582 dicatur
1587 527 1719 582 dito·

175 621 302 656 num
329 603 569 656 constare
602 620 667 656 ex
698 616 830 654 tono
860 606 1057 669 majore
1086 603 1377 674 &utroque
1402 603 1685 657 semitonio
1705 647 1716 665 ,

176 693 462 749 utrumque
493 682 634 730 enim
663 674 1006 728 semitonium
1032 681 1308 748 componit
1336 694 1524 731 tonum
1550 683 1717 731 mino-

178 770 290 805 rem
309 775 321 804 :
339 749 428 805 sed
443 769 620 823 quare,
640 755 865 822 inquies,
885 768 991 802 non
1009 755 1168 803 etiam
1188 749 1481 804 admittitur
1494 752 1580 806 ille
1597 771 1714 825 gra-

174 824 272 879 dus
285 831 377 898 qui
397 831 566 879 oritur
583 829 650 879 est
672 826 892 879 alterius
905 823 1178 883 divisione,
1197 826 1247 878 ὅ(
1264 839 1469 879 tantum
1489 827 1717 880 mediate

174 897 367 956 dividit
378 899 764 961 consonantias,
782 917 888 951 non
904 897 1211 951 immediate
1230 897 1253 950 ’.ἶ
1270 899 1598 972 Respondeo‚
1620 905 1720 974 pri-

176 993 267 1028 mo
284 992 474 1028 vocem
487 973 727 1026 incedere
744 990 849 1025 non
865 969 1006 1045 posse
1018 990 1111 1045 per
1127 988 1234 1025 tam
1250 979 1417 1028 varias
1433 972 1718 1029 divisiones

173 1050 227 1103 &
245 1046 396 1104 fimul
416 1067 533 1102 cum
551 1049 648 1102 alia
661 1064 796 1102 voce
811 1043 1081 1099 differenti
1099 1045 1408 1109 consonare,
1429 1046 1520 1101 nisi
1536 1047 1719 1102 admo-

177 1121 309 1176 dum
323 1119 685 1182 difficulter,ut
698 1119 850 1175 facile
864 1119 939 1173 est
955 1124 1181 1193 experiri
1201 1144 1215 1182 3
1242 1137 1491 1193 praeterea
1505 1121 1715 1175 semito-

176 1202 322 1250 nium
340 1202 516 1251 minus
529 1203 836 1270 jungeretur
867 1209 1000 1247 tono
1025 1197 1208 1259 majori
1228 1237 1239 1268 ³
1271 1215 1392 1249 cum
1422 1216 1530 1269 quo
1563 1196 1713 1251 valde

176 1275 435 1345 ingratam
452 1268 823 1325 dissonantiam
839 1284 1116 1342 generaret
1129 1311 1141 1330 ‚
1160 1267 1466 1323 confisteret
1481 1276 1624 1324 enim
1639 1276 1716 1324 in·

177 1361 258 1400 ter
272 1345 371 1400 hos
388 1364 640 1400 numeros
657 1349 740 1414 64.
756 1346 807 1398 &
823 1363 905 1409 75.
934 1341 1160 1414 ideoque
1184 1361 1295 1397 vox
1322 1364 1415 1417 per
1431 1345 1538 1399 tale
1555 1350 1712 1398 inter-

175 1418 385 1476 vallum
400 1424 604 1475 moveri
621 1437 730 1473 non
740 1414 912 1491 posset
929 1456 940 1477 ,
953 1434 1164 1482 verum,
1185 1431 1245 1470 ut
1264 1418 1460 1475 melius
1479 1418 1711 1475 solvatur

175 1492 286 1548 haec
300 1494 530 1561 objeciio
552 1538 565 1557 ‚

251 1567 566 1636 Notandum
582 1565 685 1630 est,
712 1583 929 1622 acutum
945 1566 1130 1622 sonum
1157 1566 1402 1624 validiori
1419 1567 1506 1624 vel
1534 1567 1716 1642 spiritu

177 1646 234 1696 in
250 1661 404 1705 voce,
421 1641 509 1697 vel
525 1641 670 1697 taccu
690 1640 798 1699 five
812 1641 962 1717 pulsu
978 1648 1032 1696 in
1048 1649 1216 1699 nervis
1233 1641 1467 1716 indigere
1481 1659 1541 1697 ut
1558 1649 1713 1698 emit-

176 1731 339 1779 tatur,
358 1735 517 1789 quam
533 1734 763 1790 gravem,
782 1716 928 1789 quod
942 1723 1206 1792 experitur
1221 1723 1274 1770 in
1290 1723 1480 1779 nerviS‚
1498 1722 1588 1789 qui
1604 1736 1713 1790 quo

176 1796 344 1864 magis
371 1790 658 1845 tenduntur
688 1809 753 1844 eo
785 1796 1074 1845 acutiorem
1103 1790 1481 1846 eduntsssonum
1501 1835 1512 1852 ‚
1554 1808 1715 1864 atque

178 1869 339 1919 etiam
369 1865 543 1937 potest
569 1864 781 1939 probari
810 1884 875 1921 ex
906 1883 970 1920 eo
999 1864 1145 1939 quod
1170 1870 1356 1932 majori
1382 1871 1433 1920 vi
1461 1864 1716 1920 dividitur

179 1941 335 1992 a'erin
352 1944 584 1994 minores
604 1956 782 2014 partes
799 1983 812 2002 ‚
849 1958 913 1994 ex
940 1941 1132 2013 quibus
1166 1945 1276 1993 exit
1301 1938 1460 1993 sonus
1477 1945 1713 1994 acutior:

175 2011 409 2085 sequitur
427 2015 603 2068 aut‘em
620 2019 780 2068 etiam
809 2032 875 2068 ex
902 2014 984 2069 his
1017 2015 1199 2068 sonum
1218 2033 1324 2086 quo
1341 2019 1545 2067 acutior
1560 2014 1636 2067 est
1649 2032 1714 2068 co

176 2086 406 2142 validius
440 2094 599 2143 etiam
629 2106 782 2143 aures
810 2087 996 2152 ferire;
1034 2108 1099 2142 ex
1115 2108 1218 2161 qua
1233 2087 1713 2150 animadversione,

179 2179 306 2217 vera
321 2167 511 2235 opinor
525 2166 575 2218 ὅ(
590 2168 834 2237 primaria
849 2168 982 2217 ratio
1000 2162 1112 2216 dari
1129 2163 1304 2236 potest
1324 2207 1334 2225 ,
1352 2181 1509 2234 quare
1525 2162 1714 2235 gradus

179 2233 282 2289 sint
307 2241 539 2291 inventi:
573 2242 818 2291 nimirum
850 2236 906 2291 id
934 2236 1124 2293 facium
1154 2234 1253 2290 esse
1280 2237 1526 2290 existimo
1546 2281 1555 2298 ‚
1586 2256 1651 2290 ne
1681 2234 1717 2288 si

178 2327 272 2381 per
286 2309 426 2363 solos
444 2310 899 2366 consonantiarum
916 2318 1171 2366 terminos
1192 2331 1300 2366 vox
1327 2310 1582 2365 incideret
1601 2355 1612 2372 ,
1642 2316 1717 2364 ni-

180 2388 289 2438 mia
315 2391 451 2438 inter
477 2385 599 2440 illos
629 2384 767 2439 foret
794 2385 1147 2459 disproportio
1166 2392 1218 2440 in
1234 2392 1439 2439 ratione
1469 2383 1717 2439 intensio-

180 2463 261 2512 nis
282 2501 292 2520 ,
321 2477 431 2531 quae
454 2458 779 2520 &auditores
796 2463 845 2515 8<
865 2477 1108 2516 cantores
1124 2459 1398 2534 fatigaret:
1429 2480 1479 2515 v.
1499 2481 1545 2534 g.
1573 2459 1606 2513 si
1624 2478 1713 2513 ve-

180 2532 276 2588 lim
292 2533 354 2589 ab
384 2539 434 2588 A
461 2532 528 2589 ad
558 2537 596 2588 ss
622 2533 896 2590 ascendere
914 2578 926 2597 ‚
957 2536 1255 2609 quialonge
1283 2534 1473 2591 fortius
1500 2535 1639 2589 sonis
1671 2536 1710 2586 B

327 2626 332 2632 ·
966 2614 1017 2663 Ι)
1559 2626 1713 2662 aures
