2029 2912
669 70 1287 125 Mvs1cae:
1719 92 1763 143 7·

212 184 321 241 quae
333 158 1001 223 suntincommensurabiles.
1040 159 1260 234 Ideoque
1279 204 1290 222 ‚
1316 176 1375 215 ut
1387 162 1599 217 arbitror
1615 162 1751 224 ‚nul-

214 243 268 298 lo
294 239 442 316 padio
469 235 617 294 simul
642 232 846 310 possunt
888 235 917 289 a
957 233 1095 290 sensu
1122 232 1342 308 perfecie
1371 236 1629 312 cognosci,
1668 236 1750 292 sed

213 331 416 371 tantum
440 320 493 368 in
517 311 694 366 ordine
720 309 782 365 ad
810 309 1203 387 Arithmeticam
1230 316 1641 385 proportionem,
1680 318 1750 368 ita

215 390 472 446 scilieetut
485 386 717 443 advertat
742 392 794 440 in
821 402 963 460 parte
991 391 1039 439 A
1056 388 1108 440 B.
1134 405 1179 440 v.
1196 405 1240 458 g.
1257 384 1380 441 duas
1395 403 1563 460 partes
1581 429 1593 448 ,
1631 405 1753 459 qua-

215 483 328 520 rum
346 484 390 536 3.
405 470 459 518 in
477 465 517 517 B
532 465 593 518 C.
620 460 838 517 existant
857 505 868 524 ,
894 461 980 516 ubi
994 476 1136 536 patet
1160 458 1354 515 sensum
1383 478 1635 537 perpetuo
1661 461 1752 517 de-

215 559 333 614 cipi.
1019 613 1021 615 ι
1539 614 1548 623 ⁰

214 611 727 761 0st⁷qu2¹ffffiiffi
738 608 1219 762 {ssssffissefflsstssss'f'
1238 627 1410 758 3232
1423 610 1754 758 {Zfflffssoni

214 761 541 826 difficillime3
578 761 663 818 sed
684 762 824 834 quod
849 780 954 816 non
969 779 1076 817 tam
1091 760 1235 815 facile
1251 804 1262 821 ‚
1291 776 1348 814 ut
1376 759 1600 813 naturale
1623 760 1753 816 desi-

215 837 409 893 derium
425 880 437 899 ‚
459 856 568 909 quo
594 836 756 893 sensus
770 836 1001 892 feruntur
1027 842 1078 890 in
1104 835 1297 905 objesta
1313 878 1325 897 ,
1352 834 1502 908 plane
1529 853 1633 887 non
1660 840 1754 889 im-

213 913 353 989 pleat
371 956 384 976 ‚
411 929 573 986 neque
587 918 742 966 etiam
758 929 866 967 tam
878 910 1150 965 difficulter
1166 953 1178 971 ‚
1204 927 1264 964 ut
1279 909 1473 964 sensum
1488 907 1681 983 fatiget.

290 988 356 1043 8⁰·
391 991 629 1058 Denique
644 985 928 1042 notandum
941 985 1324 1041 estvarietatem
1338 982 1578 1037 omnibus
1602 988 1653 1037 in
1681 1003 1753 1037 re-

213 1061 308 1116 bus
335 1059 433 1116 effe
458 1060 779 1136 gratissimam
797 1104 809 1124 ,
832 1060 1014 1134 quibus
1040 1058 1218 1134 pOsltis
1246 1076 1454 1132 agamus
1476 1055 1544 1111 ‘de
1576 1066 1631 1113 1²·
1645 1057 1753 1113 soni

214 1132 512 1200 ifffflione,
540 1154 729 1213 nempe

434 1285 548 1352 ·De
577 1309 813 1353 numero
851 1283 955 1351 vel
994 1287 1338 1375 temporem
1363 1284 1524 1368 sonis

552 1414 571 1425 ·
789 1375 1171 1461 obsbrvando.

376 1514 570 1585 Empus
609 1515 661 1564 in
700 1511 848 1564 Sonis
875 1508 1037 1564 debet
1056 1508 1283 1563 constare
1307 1508 1573 1580 aequalibus
1598 1516 1755 1583 parti-

219 1595 234 1611 ·
373 1585 466 1638 bus
485 1609 498 1647 ς
533 1590 652 1655 quia
687 1583 779 1636 illae
813 1583 928 1637 sunt
963 1602 1072 1655 quae
1098 1588 1331 1636 omnium
1357 1582 1595 1636 facillime
1617 1582 1764 1637 sensu

215 1663 563 1734 percipiuntur
589 1678 651 1712 ex
678 1666 743 1727 4⁰·
778 1673 1057 1731 praenotato
1075 1701 1086 1719 ‚
1124 1657 1207 1712 vel
1233 1656 1455 1730 partibus
1471 1675 1577 1729 quae
1592 1656 1763 1712 sintin·

216 1738 546 1807 proportione
558 1732 711 1806 dupla
740 1731 820 1787 vel
844 1733 990 1806 tripla
1005 1775 1017 1793 ‚
1049 1751 1144 1786 nec
1158 1731 1366 1784 ulterius
1384 1730 1443 1784 fit
1456 1730 1723 1806 progressio
1741 1756 1758 1795 3

217 1813 335 1879 quia
348 1806 422 1861 hae
435 1806 675 1861 facillime
687 1811 918 1860 omnium
936 1805 1114 1861 auditu
1129 1805 1504 1880 distinguuntur
1531 1824 1593 1859 ex
1620 1813 1680 1875 5⁰·
1705 1808 1756 1860 &

220 1888 283 1936 6⁰·
341 1888 606 1937 raenotatis.
645 1883 694 1935 Si
716 1899 836 1936 vero
861 1887 1019 1956 magis
1034 1879 1296 1953 inaequales
1313 1877 1473 1935 effent
1487 1880 1724 1934 mensurae
1741 1923 1754 1943 ,

218 1975 282 2010 au
327 1962 426 2010 itus
452 1955 649 2010 illarum
675 1953 984 2010 differentias
1014 1955 1117 2011 fi'ne
1156 1954 1324 2009 labore
1354 1954 1616 2028 agnoscere
1646 1956 1753 2008 non

219 2027 401 2104 posset,
414 2046 470 2083 ut
483 2046 625 2103 patet
637 2036 947 2104 experientia
965 2056 978 2094 ς
1007 2029 1045 2086 si
1061 2035 1198 2084 enim
1213 2046 1390 2083 contra
1404 2048 1557 2082 unam
1574 2045 1763 2083 notam-

223 2112 287 2174 ς’·
300 2105 439 2158 verbi
453 2110 626 2178 gratia,
640 2104 850 2177 aequales
865 2105 1049 2161 vellem
1061 2117 1395 2179 ponere,tunc
1411 2102 1514 2158 sine
1529 2108 1763 2157 maxima

220 2177 516 2233 difficultate
531 2186 719 2234 cantari
735 2199 840 2233 non
853 2177 1031 2253 poffet.
1061 2179 1161 2235 Sed
1177 2178 1328 2240 dices,
1347 2176 1552 2252 possunt
1565 2186 1646 2252 40‘·
1661 2197 1753 2231 no-

219 2270 300 2308 tas
314 2269 489 2307 contra
503 2272 656 2308 unam
671 2272 861 2328 ponere
884 2255 974 2310 vel'
993 2257 1036 2308 8.
1050 2273 1170 2326 ergo
1184 2253 1394 2308 ulterius
1408 2259 1560 2308 etiam
1576 2252 1638 2308 ad
1653 2251 1749 2307 hos

218 2345 458 2382 numeros
480 2324 731 2383 'debemus
757 2328 1020 2402 progredi,
1051 2327 1132 2382 sed
1148 2327 1423 2402 respondeo
1449 2328 1544 2383 hos
1571 2346 1749 2382 nume-

221 2420 304 2456 ros
321 2419 424 2454 non
437 2399 534 2455 esse
546 2409 735 2477 primos
752 2408 883 2457 inter
895 2402 943 2457 se
962 2447 974 2465 ‚
988 2404 1202 2475 ideoque
1219 2422 1377 2457 novas
1392 2407 1749 2477 proportiones

223 2495 329 2531 non
342 2494 606 2550 generare3
631 2477 712 2532 sed
739 2494 938 2532 tantum
959 2478 1291 2552 multiplicare
1303 2476 1557 2552 duplicem
1576 2522 1587 2539 ‚
1614 2475 1752 2549 quod

221 2567 363 2625 patet
376 2569 439 2606 ex
452 2570 533 2615 e0,
546 2553 683 2625 quod
696 2558 819 2628 poni
833 2571 937 2610 non
949 2553 1134 2630 possint
1149 2551 1240 2609 nisi
1255 2553 1570 2617 combinatae,
1587 2569 1752 2621 neque

1617 2642 1752 2680 enim
