2029 2912
578 73 1317 136 ‘Mvs'xcaeff
1648 97 1713 137 ιι

164 164 364 227 Sonum
389 184 449 225 ut
472 186 657 225 nervus
683 164 749 220 ad
776 182 992 220 nervum
1020 208 1033 228 ,
1085 172 1226 238 atqui
1267 169 1318 219 in
1344 160 1571 238 quolibet
1597 184 1708 219 ner-

164 263 232 301 vo
259 263 440 301 omnes
475 243 561 297 illo
605 246 826 307 minores
869 247 1219 306 continentur,
1259 260 1365 294 non
1394 255 1565 295 autem
1592 240 1704 294 lon-

162 323 333 394 giores
359 362 371 381 ‚
421 336 539 391 ergo
578 321 734 372 etiam
784 322 835 369 in
872 315 1097 387 quolibet
1133 314 1257 369 sono
1295 333 1476 368 omnes
1515 320 1706 368 acutio-

163 411 242 448 res
277 397 626 452 continentur‚
667 410 771 445 non
797 406 971 444 autem
998 406 1172 444 contra
1187 394 1439 464 graviores
1456 392 1506 440 in
1523 406 1673 442 acuto
1691 434 1703 452 ‚

163 465 299 520 unde
321 481 464 541 patet
496 470 772 520 acutiorem
800 470 1074 518 terminum
1102 461 1200 518 esse
1231 461 1591 519 inveniendum
1620 481 1706 537 per

161 539 453 595 divisionem
479 545 717 615 gravioris
744 564 754 592 :
794 557 946 610 quam
971 537 1266 593 divisionem
1295 536 1479 591 debere
1508 534 1604 589 effe
1632 544 1701 591 A-

161 613 502 669 tithmeticam
522 659 534 678 ,
564 613 664 668 hoc
678 612 750 667 est
764 618 815 666 in
831 613 1034 685 aequalia
1047 656 1058 674 ‚
1079 611 1296 685 sequitur
1310 630 1373 665 ex
1394 616 1704 687 praenotatis.

164 853 240 908 Sit
267 857 418 928 igitur
448 855 550 908 AB
572 859 770 929 gravior
800 858 1047 909 terminus
1065 897 1076 914 ,
1104 856 1158 907 in
1184 851 1500 925 quosivelim
1514 857 1701 907 acutio-

164 946 270 984 rem
286 933 562 983 terminum
624 934 755 983 rimae
784 927 1228 982 consonantiarum
1255 932 1488 982 omnium
1514 931 1705 981 inveni-

162 1021 218 1056 te
245 1045 256 1064 ,
297 1003 442 1056 illum
476 1001 577 1057 divi
613 1020 697 1055 am
727 1020 816 1076 per
840 1007 1061 1075 primum
1089 1019 1416 1054 numerorum
1442 1006 1674 1054 omnium
1692 1044 1704 1062 ,

162 1094 348 1151 nempe
361 1095 451 1150 per
465 1075 792 1140 binarium‚ut
808 1073 997 1130 factum
1012 1074 1152 1129 estin
1167 1077 1231 1137 C,
1243 1077 1426 1130 &tunc
1442 1081 1488 1128 A
1504 1078 1568 1138 C,
1588 1081 1635 1129 A
1649 1077 1703 1136 B,

161 1156 326 1225 prima
340 1148 779 1205 consonantiarum
797 1155 1031 1204 omnium
1045 1149 1230 1204 distant
1249 1150 1311 1204 ab
1326 1155 1540 1206 invicem
1561 1193 1572 1211 ‚
1599 1168 1704 1222 quae

162 1225 343 1281 ostava
354 1226 404 1279 &
417 1221 677 1298 diapasson
692 1224 971 1299 appellatur
992 1250 1006 1289 ;
1032 1223 1171 1296 quod
1186 1221 1222 1276 si
1240 1223 1431 1277 rursum
1447 1223 1568 1278 alias
1581 1241 1704 1278 con-

162 1297 416 1355 sonantias
436 1298 620 1354 habere
646 1299 828 1360 velim,
857 1317 966 1372 quae
991 1297 1282 1353 immediate
1312 1298 1583 1370 sequuntur
1610 1303 1708 1372 pri·

162 1391 302 1428 mam
329 1417 341 1436 ‚
388 1373 610 1430 dividam
635 1378 684 1428 A
702 1376 740 1428 B
770 1378 821 1426 in
837 1394 881 1445 3.
897 1388 1063 1447 partes
1080 1372 1292 1444 aequales
1313 1416 1324 1434 ,
1351 1389 1573 1444 tuncque
1600 1391 1705 1427 non

161 1445 362 1502 habebo
389 1446 636 1503 duntaxat
657 1465 816 1502 unum
846 1463 1052 1502 acutum
1080 1452 1355 1502 terminum
1383 1490 1395 1508 ‚
1433 1445 1514 1500 sed
1542 1446 1703 1509 duos,

162 1539 350 1596 nempe
378 1526 494 1577 AD
521 1524 572 1577 &
599 1526 709 1578 AE
739 1564 751 1583 ‚
801 1539 865 1576 ex
893 1522 1075 1594 quibus
1103 1520 1366 1574 nascentur
1392 1519 1499 1576 duae
1527 1520 1704 1575 conso-

162 1601 346 1650 nantiae
362 1593 621 1664 hujusdem
636 1600 832 1670 generis
849 1639 861 1657 ‚
890 1614 1078 1670 nempe
1094 1594 1396 1649 duodecima
1411 1638 1422 1656 ‚
1440 1597 1489 1650 &
1502 1600 1703 1667 quinta3

165 1669 328 1726 rursus
342 1665 541 1745 possum
556 1670 776 1727 dividere
790 1670 975 1725 lineam
1005 1678 1056 1727 A
1074 1673 1112 1725 B
1128 1675 1181 1725 in
1197 1676 1280 1738 4⁰³·
1297 1686 1465 1743 partes
1481 1670 1561 1727 vel
1577 1675 1627 1724 in
1646 1676 1705 1738 5²·

163 1744 247 1800 vel
274 1751 327 1798 in
346 1749 389 1799 6.
415 1765 508 1800 nec
535 1745 745 1799 ulterius
773 1742 832 1798 fit
855 1743 1057 1801 divisio:
1095 1750 1239 1817 quia,
1265 1743 1481 1803 scilicet,
1508 1748 1704 1800 aurium

164 1819 483 1874 imbecillitas
526 1817 629 1874 fine
673 1818 844 1875 labore
885 1824 1102 1889 majores
1128 1819 1366 1875 sonorum
1393 1814 1705 1875 differentias

165 1911 269 1947 non
285 1891 445 1965 posset
457 1893 773 1969 distinguere.

240 1968 343 2021 Ubi
372 1967 653 2023 notandum
679 1967 752 2022 est
789 1987 853 2024 ex
891 1973 1053 2044 prima
1084 1965 1330 2023 divisione
1356 1971 1473 2020 oriri
1500 1981 1703 2021 tantum

165 2058 323 2095 unam
351 2043 755 2098 consonantiam:
792 2063 858 2098 ex
881 2051 944 2101 2²·
958 2043 1113 2100 duas:
1152 2060 1215 2098 ex
1233 2050 1288 2113 3²·
1304 2059 1405 2099 tres
1420 2042 1512 2098 &e
1549 2057 1607 2097 ut
1630 2040 1702 2099 se-

167 2133 330 2189 quens
347 2116 514 2174 tabula
531 2116 858 2176 demonstrat.

919 2255 962 2285 ¹-

928 2516 971 2571 B
986 2593 996 2597 Α
1010 2534 1038 2572 2
1599 2513 1703 2568 Pti-
