2029 2912
611 88 1224 141 MVSICAE.
1602 107 1682 158 '43

221 179 291 243 5⁰:
317 174 392 226 Ut
409 178 461 226 in
479 172 580 226 fine
598 169 868 226 cantilenae
885 175 958 224 ita
973 169 1183 235 auribus
1198 167 1420 224 satisfiat
1436 213 1448 231 ‚
1479 167 1683 222 utnihil

140 247 368 321 amplius
385 247 668 320 expectent
687 290 696 307 ‚
714 249 762 301 3<
780 243 1062 319 perfectam
1079 240 1180 296 esse
1203 250 1505 297 cantionem
1518 249 1681 298 anim-

141 321 422 376 advertant
453 363 464 381 ,
506 320 654 394 quod
682 320 776 374 fiet
802 324 1005 391 optime
1033 337 1126 392 per
1151 317 1406 390 quosdam
1433 334 1680 373 tonorum

139 395 346 450 ordines
375 394 574 469 semper
601 401 654 448 in
681 392 1098 466 perfeciiffimam
1125 391 1524 447 consonantiam
1551 391 1681 447 desi-
1705 439 1708 441 .

140 486 327 524 nentes
348 513 360 530 ,
405 470 783 543 quospraffici
815 469 1082 522 cadentias
1110 483 1345 521 vocant:
1386 465 1566 521 harum
1598 485 1684 521 au-

139 560 250 598 tem
266 543 623 599 cadentiarum
641 561 827 597 omnes
854 541 1054 615 species
1071 541 1180 595 fuse
1200 541 1450 596 Zarlinus
1469 544 1683 595 enume-

138 634 233 672 rat.
272 618 419 672 Idem
437 624 594 673 etiam
611 619 769 672 habet
795 617 1001 671 tabulas
1021 615 1290 689 generales
1316 622 1370 669 in
1385 615 1575 687 quibus
1591 634 1679 670 ex-

129 692 302 766 plicat
319 736 331 753 ‚
358 712 471 765 quae
491 692 840 747 consonantiae
866 691 985 766 post
1002 690 1290 763 quamlibet
1316 689 1473 745 aliam
1490 695 1542 742 in
1565 705 1682 744 tota

141 767 405 822 cantilena
445 767 636 838 possint
672 772 839 840 poni,
893 784 1117 839 quorum
1157 770 1396 818 omnium
1448 768 1682 819 rationes

141 841 420 896 nonnullas
447 839 630 903 affert,
671 841 759 895 sed
784 841 960 914 plures
1000 845 1196 912 opinor
1222 840 1272 892 &
1300 845 1467 914 magis
1495 836 1681 912 plausi-

138 915 275 971 biles
291 934 358 969 ex
376 917 564 971 nostris
581 916 940 971 fundamentis
955 911 1170 983 poffunt
1187 913 1389 968 deduci.

211 996 284 1043 6⁰·
312 993 555 1061 Denique
573 1033 586 1051 ,
621 1007 680 1044 ut
707 1006 822 1045 tota
851 988 997 1043 simul
1025 986 1321 1048 cantilena,
1360 989 1410 1042 &
1435 1004 1677 1058 unaquae-
1750 1021 1755 1026 -

140 1082 246 1137 que
274 1083 381 1120 vox
408 1064 691 1138 separatim
720 1070 858 1117 intra
885 1079 1060 1117 certos
1088 1062 1287 1116 limites
1314 1067 1675 1125 contineatur,

137 1157 277 1212 quos
297 1137 488 1193 modos
506 1155 703 1194 vocant
721 1182 732 1200 ‚
760 1137 826 1192 de
842 1137 1031 1210 quibus
1050 1136 1206 1208 paulo
1222 1136 1358 1211 post.

217 1219 390 1283 Atque
419 1213 526 1266 haec
557 1219 738 1267 omnia
764 1211 942 1266 exacie
971 1210 1186 1284 quidem
1217 1208 1541 1266 observanda
1565 1209 1682 1264 sunt

138 1290 195 1339 in
226 1286 632 1360 contra-puncto
661 1286 878 1341 duarum
896 1302 1101 1340 tantum
1122 1328 1134 1346 ,
1162 1285 1251 1340 vel
1264 1291 1424 1339 etiam
1451 1285 1682 1358 plurium

138 1379 364 1421 vocum,
395 1361 604 1416 sednon
632 1361 896 1416 diminuto
929 1379 1025 1414 nec
1041 1358 1153 1413 ullo
1186 1359 1350 1413 modo
1365 1365 1599 1414 variato:
1628 1365 1681 1413 in

140 1436 422 1490 cantilenis
441 1452 619 1490 autem
648 1436 804 1491 valde
819 1435 1126 1495 diminutiS‚
1169 1437 1220 1488 ὃ(
1240 1434 1504 1507 figuratis,
1543 1449 1602 1487 ut
1631 1452 1681 1488 a—

130 1515 272 1579 junt,
288 1509 457 1564 multa
473 1530 537 1564 ex
548 1510 959 1583 praecedentibus
977 1513 1346 1568 remittuntur,
1365 1526 1475 1580 quae
1490 1523 1550 1562 ut
1564 1508 1679 1562 bre-

137 1590 279 1639 viter
294 1585 719 1658 explicem,prius
736 1602 886 1658 agam
902 1582 966 1636 de
982 1589 1071 1653 4⁰¹·
1089 1582 1324 1656 partibus
1339 1582 1681 1640 velvocibus‚

137 1663 309 1728 quaein
339 1658 611 1712 cantilenis
633 1658 803 1712 solent
817 1657 1085 1720 adhibeti3
1111 1656 1236 1711 licet
1251 1655 1680 1727 eniminquibus-
1710 1662 1716 1666 “

136 1733 257 1787 dam
278 1732 471 1804 plures,
489 1733 574 1788 vel
593 1740 866 1806 pauciores
882 1731 1009 1807 saepe
1023 1737 1364 1805 reperiantur,
1393 1731 1486 1785 illa
1501 1748 1681 1784 tamen

136 1806 345 1862 videtur
362 1805 462 1861 esse
481 1807 845 1881 perfectissima
861 1852 872 1870 ‚
910 1809 959 1861 &
975 1811 1201 1860 maxime
1216 1805 1406 1862 usitata
1420 1804 1682 1879 Sympho-

138 1886 227 1935 nia
245 1925 256 1941 ‚
283 1900 396 1955 quae
417 1882 673 1942 conflatur
689 1902 751 1936 ex
765 1890 855 1953 4⁰¹·
874 1881 1114 1936 vocibus.
1675 1876 1682 1885 “

212 1957 452 2011 Prima&
470 1957 756 2029 gravissima
782 1963 1024 2010 omnium
1055 1955 1238 2010 harum
1267 1974 1463 2010 vocum
1491 1953 1577 2009 illa
1609 1953 1683 2009 est

145 2047 302 2099 quam
327 2028 533 2085 Bassum
552 2037 852 2092 nominant,
879 2031 985 2085 haec
1010 2035 1273 2105 praecipua
1299 2030 1400 2091 est,
1442 2033 1492 2084 8(
1519 2035 1681 2083 maxi·-

138 2122 224 2157 me
244 2123 394 2160 aures
423 2104 640 2177 implere
663 2105 822 2161 debet
839 2149 851 2168 ‚
881 2113 1004 2178 quia
1019 2123 1206 2160 omnes
1235 2103 1340 2158 aliae
1357 2123 1518 2159 voces
1534 2105 1682 2159 illam

136 2185 393 2254 praecipue
422 2180 732 2252 respiciunt,
778 2187 925 2249 cujus
954 2186 1211 2235 rationem
1241 2178 1394 2252 supra
1416 2178 1678 2234 dixi-mus:

137 2253 245 2307 haec
285 2271 460 2308 autem
490 2255 546 2308 sae
587 2274 616 2308 e
644 2274 752 2309 non
791 2275 884 2328 per
911 2254 1125 2328 gradus,
1165 2252 1254 2308 sed
1284 2259 1557 2328 etiamper
1583 2253 1680 2308 sal-

138 2342 223 2381 tus
251 2327 380 2383 solet
417 2273 689 2392 incalere,
733 2337 880 2399 cujus
921 2336 1056 2384 ratio
1086 2328 1192 2389 est,
1235 2335 1359 2402 quia
1386 2328 1576 2402 gradus
1604 2335 1679 2382 in·

137 2408 282 2457 venti
308 2402 423 2456 sunt
449 2404 513 2458 ad
545 2404 820 2458 levandam
852 2403 1149 2457 molestiam
1171 2446 1183 2464 ‚
1227 2422 1341 2475 quae
1368 2410 1593 2457 oriretur
1619 2421 1685 2478 eq<

137 2478 485 2548 inaequalitatc
525 2485 871 2532 terminorum
914 2484 1070 2532 unius
1114 2477 1476 2533 consonantiae.
1525 2480 1685 2534 Siim-

122 2552 365 2608 ‘mediate
404 2572 566 2608 unum
606 2552 722 2626 post
759 2553 920 2610 alium
962 2551 1270 2618 efferretur,
1327 2574 1449 2610 cum
1476 2556 1682 2609 acutior

945 2630 980 2682 F
1022 2649 1054 2682 2
1520 2626 1680 2702 longe
