2029 2912
347 105 418 155 44
727 77 1425 132 COMPEND1VM

343 171 501 245 longe
535 166 724 221 fortius
763 181 913 235 aures
940 161 1095 217 feriat
1132 179 1288 231 quam
1318 165 1490 236 gravis
1520 186 1533 214 ι
1586 159 1692 214 haec
1713 154 1873 216 [enim

344 242 610 300 molestia,
649 245 822 292 minor
846 236 920 290 cst
948 242 1000 290 in
1030 231 1178 290 Basso
1204 254 1363 308 quam
1390 241 1442 288 in
1472 235 1585 289 aliis
1613 236 1871 308 partibus,

344 323 467 389 quia
481 315 679 369 scilicet
696 312 786 366 illa
801 310 1096 385 gravissima
1112 309 1188 363 est
1205 352 1216 368 ,
1261 308 1484 380 ideoque
1500 315 1672 364 minus
1691 309 1873 365 valido

341 391 544 463 indiget
570 388 751 462 spiritu
789 402 849 439 ut
874 389 1150 437 emittatur
1188 401 1348 455 quam
1377 398 1591 448 caeterae3
1630 400 1878 458 praeterea

342 485 463 519 cum
482 464 618 518 lianc
639 506 651 525 ,
685 477 745 514 ut
761 464 1101 534 praecipuam,
1137 457 1243 512 aliae
1257 474 1420 512 voces
1451 456 1758 527 respiciant,
1786 457 1873 513 de-

338 540 428 593 bet
454 533 612 610 magis
629 554 779 590 aures
808 532 963 588 ferire
982 576 993 594 ,
1023 547 1082 586 ut
1112 531 1409 586 distinfflus
1438 529 1676 585 audiatur
1694 576 1705 594 ,
1731 531 1877 606 quod

338 612 400 666 fit
425 611 550 666 dum
581 609 774 665 incedit
789 627 882 681 per
907 607 1064 661 saltus
1084 650 1096 668 ,
1138 606 1243 660 hoc
1266 604 1370 664 est,
1400 624 1491 679 per
1509 610 1766 661 terminos
1780 612 1874 660 mi-

338 705 525 741 norum
545 684 1000 740 consonantiarum
1017 679 1321 735 immediate
1337 686 1519 753 potius
1539 722 1553 742 ,
1581 699 1740 753 quam
1755 699 1876 735 cum

340 779 435 834 per
451 759 652 833 gradus.

411 834 738 888 Secundam,
773 849 885 905 quae
915 826 1059 883 Basso
1089 833 1332 902 proxima
1349 826 1452 888 est,
1490 832 1756 884 Tenorem
1784 848 1879 885 vo-

341 925 490 969 cant,
533 908 638 961 liaec
665 912 826 960 etiam
857 904 1029 958 in'suo
1056 922 1244 977 genere
1270 908 1526 975 praecipua
1559 903 1662 962 est,
1707 910 1878 957 conti»

338 999 429 1035 net
443 988 581 1036 enim
597 980 884 1047 subjcaePtum
913 984 1081 1031 totius
1100 975 1484 1031 modulationis
1504 1000 1525 1038 ‚·
1557 980 1605 1032 8(
1623 977 1697 1030 est
1712 977 1878 1031 veluti

337 1075 534 1112 nervus
563 1062 616 1110 in
656 1053 830 1107 medio
856 1058 1024 1106 totius
1053 1050 1322 1105 cantilenae
1348 1069 1598 1123 corpore,
1641 1056 1726 1121 qui
1759 1052 1878 1105 reli·-

339 1150 444 1203 qua
483 1137 593 1199 ejus
631 1128 864 1183 membra
891 1126 1107 1180 sustinet
1138 1168 1150 1186 ,
1191 1126 1240 1177 &
1270 1130 1560 1196 conjungit.
1647 1124 1879 1196 Ideoque

340 1221 592 1277 quantum
622 1205 730 1257 fieri
763 1201 936 1276 potest
965 1219 1059 1273 per
1089 1197 1281 1270 gradus
1320 1198 1457 1251 solet
1497 1197 1769 1260 incedere,
1821 1215 1884 1253 ut

339 1285 453 1347 ejus
482 1294 656 1352 partes
687 1275 782 1330 sint
812 1280 978 1350 magis
1008 1279 1165 1326 unitae
1206 1274 1256 1325 8<
1286 1270 1489 1327 facilius
1520 1272 1661 1327 illius
1687 1289 1821 1327 notae
1849 1274 1881 1328 ὲ

343 1358 486 1407 notis
501 1353 719 1406 aliarum
734 1368 929 1406 vocum
946 1348 1349 1420 distinguantur.

411 1428 811 1480 Contra-”senor
837 1428 1036 1478 Tenori
1053 1427 1373 1494 opponitur,
1403 1439 1501 1473 nec
1517 1418 1618 1474 alia
1646 1419 1710 1473 de
1724 1420 1879 1477 causa

339 1504 392 1553 in
422 1500 630 1554 Musica
667 1499 947 1554 adhibetur
976 1541 988 1557 ,
1043 1513 1204 1567 quam
1244 1512 1304 1548 ut
1331 1500 1608 1548 contrariis
1643 1498 1881 1552 motibus

338 1574 634 1629 incedendo
646 1579 906 1629 varietate
921 1570 1160 1624 delectet.
1205 1569 1368 1627 Solet,
1386 1583 1445 1620 ut
1466 1565 1664 1629 Bassus,
1681 1586 1772 1640 per
1785 1569 1882 1623 sal-

336 1665 424 1704 tus
465 1648 735 1710 incedere,
776 1645 862 1701 sed
902 1663 1009 1698 non
1039 1642 1108 1697 ob
1149 1642 1352 1697 easdem
1383 1647 1614 1696 rationes
1639 1685 1650 1704 ,
1692 1642 1797 1697 hoc
1824 1661 1878 1697 e-

333 1729 444 1777 nim
458 1724 520 1776 fit
545 1740 751 1778 tantum
768 1720 834 1776 ad
861 1717 1302 1773 commoditatem
1322 1719 1372 1771 &
1391 1721 1700 1771 varietatem
1716 1760 1729 1778 ,
1747 1722 1879 1790 quia.

336 1803 475 1851 inter
498 1798 629 1852 duas
656 1814 818 1852 voces
851 1791 1085 1848 consistit
1103 1836 1115 1853 ,
1145 1810 1252 1863 quze
1280 1790 1531 1844 incedunt
1559 1810 1650 1863 per
1665 1793 1875 1862 gradus.

337 1871 554 1926 Prafflci
574 1876 646 1925 ita
674 1868 958 1943 aliquando
977 1882 1311 1940 componunt
1336 1864 1451 1919 suas
1470 1864 1759 1934 cantilenas
1778 1907 1789 1925 ‚
1815 1881 1879 1919 ut

335 1945 473 2000 infra
497 1950 767 2001 Tenorem
784 1941 1096 2002 descendat,
1135 1939 1224 1994 sed
1244 1939 1345 1993 hoc
1373 1945 1520 2012 parvi
1540 1938 1614 1992 est
1642 1958 1881 1993 momen-

334 2027 407 2080 ti,
437 2038 779 2090 necunquam
799 2062 811 2080 ,
846 2015 938 2072 nisi
957 2020 1355 2076 inimitatione,
1400 2012 1773 2083 consequentia
1792 2052 1803 2073 ,
1828 2018 1881 2070 &

333 2093 580 2149 similibus
597 2092 1018 2166 contra—punffis
1033 2087 1330 2144 artificiosis
1348 2130 1359 2148 ,
1375 2087 1584 2144 videtur
1596 2086 1762 2142 ullam
1780 2107 1876 2143 no·

336 2174 557 2225 vitatem
577 2166 777 2230 afferre.

416 2245 663 2316 Superius
703 2242 779 2296 est
823 2238 1112 2295 acutissima
1139 2256 1247 2290 vox
1289 2240 1339 2292 &
1376 2232 1525 2290 Basso
1563 2242 1884 2309 opponitur,

345 2313 478 2371 adeo
506 2334 566 2370 ut
591 2317 716 2391 saepe
744 2321 1024 2370 contrariis
1062 2312 1298 2367 motibus
1329 2310 1422 2365 fibi
1452 2313 1680 2365 invicem
1705 2331 1886 2365 occut-

348 2407 480 2449 rant.
520 2395 643 2445 Haec
672 2411 782 2446 vox
813 2395 1042 2443 maxime
1087 2406 1181 2461 per
1208 2385 1399 2455 gradus
1428 2383 1586 2438 debet
1613 2385 1881 2449 incedere,

349 2470 472 2540 quia
500 2484 618 2519 cum
649 2465 934 2520 acutissima
974 2461 1034 2516 sit
1059 2506 1070 2522 ,
1129 2459 1423 2515 differentia
1459 2465 1803 2514 terminorum
1832 2466 1889 2514 in

348 2539 706 2609 inamajorcm
735 2538 1033 2595 molestiam
1050 2532 1352 2600 facesseret,
1384 2532 1422 2591 si
1448 2539 1605 2591 nimis
1633 2531 1888 2663 distarent}

1818 2626 1850 2664 a
1892 2644 1896 2650 .
