2029 2912
443 160 449 166 ,
697 95 762 146 Μ
833 107 868 141 v
942 108 968 148 s
1044 112 1067 149 1
1148 111 1179 148 c
1251 118 1307 151 a.
1703 122 1725 167 3
1740 125 1771 174 9

232 194 288 234 ta
302 180 352 234 &
367 177 512 233 sexta
528 181 698 246 major
712 196 819 231 uno
834 176 1106 232 schismate
1123 178 1422 245 austae3cum
1436 188 1576 238 enim
1596 186 1770 241 neces-

230 253 367 308 sario
396 251 460 307 fit
487 270 624 306 unus
653 257 906 307 terminus
923 252 1136 308 mobilis
1163 272 1257 328 per
1285 257 1619 313 intervallum
1637 259 1769 315 schi-

230 327 429 388 smatis,
443 332 496 380 in
513 341 626 380 tota
642 326 898 400 graduum
911 326 1040 382 serie
1057 333 1213 383 vitari
1230 349 1337 385 non
1354 333 1544 405 potest,
1561 339 1686 405 quin
1702 354 1768 390 ex

231 421 296 458 eo
312 401 445 456 tales
461 398 780 455 dissonantiae
795 408 846 454 in
863 401 1117 457 relatione
1136 447 1148 466 ,
1168 402 1219 457 id
1236 405 1311 460 est
1329 449 1340 468 ‚
1357 412 1410 461 in
1426 427 1560 463 voce
1576 407 1769 464 succes-

231 475 336 532 five
351 472 534 530 emissa
549 475 805 530 a-djverfis
821 478 1046 532 vocibus
1066 521 1078 540 ,
1104 478 1356 536 existant:
1395 482 1569 556 plures
1590 500 1767 538 autem

229 549 350 604 inde
367 570 472 604 non
489 555 610 604 oriri
627 570 787 624 quam
796 555 906 619 jam
920 550 1066 605 distae
1085 596 1096 614 ,
1128 552 1435 611 induitione
1456 557 1632 631 potest
1646 577 1767 633 pro-

230 625 341 680 bari
359 651 382 680 :.
400 625 474 679 hae
487 641 672 681 autem,
683 631 737 679 in
752 624 836 681 his
851 632 1080 682 numeris
1097 627 1385 684 confistunt
1463 651 1468 655 ·

227 803 418 861 Tertia
442 803 603 859 minor
616 802 907 875 defheziw
957 837 1109 848 .....
1146 779 1231 916 3}

227 958 432 1035 Qinta
443 958 815 1028 unoschtsmate
828 957 1091 1028 defhft'iva
1102 991 1252 1004 -----
1289 930 1372 1065 ἐξ

223 1110 441 1189 Qarta
453 1129 546 1167 uno
544 1111 826 1182 fthismate
838 1111 995 1166 aueJa
1010 1144 1028 1151 -
1047 1145 1067 1154 -
1086 1144 1106 1153 -
1151 1088 1232 1223 {3-

223 1270 392 1329 Sexta
405 1272 569 1345 major
567 1271 849 1344 schismate
860 1272 1018 1329 (luffa
1036 1305 1056 1315 -
1067 1304 1087 1314 -
1101 1303 1119 1313 -
1134 1304 1187 1315 ---
1199 1305 1220 1317 ·
1236 1305 1256 1315 -
1292 1230 1458 1386 ἐξ

903 1436 996 1490 vel
998 1434 1078 1505 sic
1329 1515 1332 1517 Α

219 1567 410 1626 Tertia
424 1569 588 1625 minor
589 1567 1145 1641 sc'hismatedefi’Hiva
1184 1525 1267 1603 [G
1293 1530 1370 1582 ad
1389 1529 1435 1629 b}
1468 1533 1494 1583 s
1511 1535 1636 1604 430’
1652 1557 1768 1608 405

1183 1613 1269 1688 m
1295 1615 1488 1673 adDJ
1511 1624 1634 1692 384,
1655 1644 1762 1695 324

227 1712 287 1774 ς’·
312 1702 420 1756 Vno
435 1701 715 1773 schismate
727 1700 995 1772 defic'i'iva
1214 1708 1266 1759 G
1281 1704 1355 1758 ad
1367 1710 1418 1760 D
1455 1710 1477 1759 l
1510 1711 1634 1777 480,
1654 1733 1676 1778 3
1691 1733 1721 1766 2
1727 1735 1761 1784 4

222 1798 284 1858 4⁴·
306 1789 364 1844 V
356 1806 416 1844 no
429 1789 712 1860 schismate
722 1791 892 1844 aucia*
1215 1796 1268 1849 D
1283 1794 1358 1847 ad
1372 1799 1423 1850 G
1452 1796 1479 1855 l,
1513 1819 1635 1870 324,
1658 1820 1755 1871 240

226 1910 284 1958 6⁸*
305 1905 491 1980 quor
491 1905 768 1976 schismate
791 1909 958 1965 atteia
1185 1882 1254 1944 (b
1282 1883 1357 1936 ad
1375 1886 1425 1936 G
1452 1886 1478 1937 s
1507 1909 1635 1959 405,
1652 1911 1755 1961 240

1184 1947 1428 2048 {Dadss
1459 1973 1489 2025 l·
1525 1994 1758 2051 324,192

295 2109 474 2176 Atque
489 2101 543 2156 hi
573 2109 775 2158 numeri
791 2119 902 2159 tam
932 2111 1108 2179 magni
1123 2104 1237 2174 sunt
1254 2150 1266 2168 ‚
1290 2124 1353 2162 ut
1364 2127 1458 2181 per
1472 2108 1524 2165 se
1540 2110 1666 2168 talia
1682 2119 1758 2168 in-

219 2179 445 2234 tervalla
459 2178 675 2233 tolerari
699 2175 841 2252 posse
857 2198 964 2233 non
980 2179 1257 2236 videantur
1274 2226 1286 2245 ‚
1313 2182 1398 2237 sed
1415 2190 1536 2255 quia
1554 2229 1566 2245 ‚
1594 2204 1655 2242 ut
1670 2209 1759 2243 an-

220 2270 275 2308 te
292 2258 615 2315 notavimu8‚
632 2269 741 2306 tam
759 2258 1007 2326 exiguum
1025 2255 1100 2309 est
1110 2255 1401 2313 schismatis
1416 2262 1760 2319 intervallum

219 2344 283 2382 ut
308 2333 398 2382 vix
427 2327 637 2382 auribus
664 2328 821 2400 poffit
842 2327 1093 2391 discerni,
1135 2330 1255 2385 ideo
1275 2331 1448 2387 illaeex
1466 2336 1756 2394 consonan-

219 2406 326 2463 tii8‚
343 2420 567 2474 quarum
583 2400 702 2455 sunt
715 2407 964 2477 proximae
980 2447 991 2465 ‚
1007 2403 1321 2461 suavitatem
1338 2424 1755 2467 mutuanturzne-

257 2495 321 2530 ue
337 2481 477 2529 enim
496 2475 955 2532 consonantiarum
984 2485 1196 2534 termini
1213 2486 1286 2536 ita
1312 2482 1664 2541 confi'stuntin
1680 2493 1756 2542 in-

261 2549 469 2608 'vifibili
485 2593 497 2614 ,
523 2567 583 2606 ut
600 2548 636 2605 fi
650 2570 787 2609 unus
803 2571 866 2608 ex
881 2552 996 2612 illis
1015 2554 1724 2630 aliquantulumimmutetur
1739 2606 1751 2624 ‚

1579 2635 1765 2695 statim:
