2029 2912
319 101 389 151 16
733 92 1425 150 CoMpi-:NntvM

394 184 573 255 Neque
599 184 707 252 quis
735 195 882 254 putet
908 184 1254 252 imaginarium
1283 182 1402 236 illud
1419 226 1430 243 ‚
1470 181 1604 254 quod
1631 183 1845 242 dicimus

319 262 517 331 proprie
533 271 735 308 tantum
761 272 824 306 ex
850 252 1093 307 divisione
1116 254 1302 309 ofiavae
1315 263 1541 328 quintam
1557 263 1845 330 generari&

319 330 554 384 ditonum
571 373 581 390 ‚
612 345 814 383 caeteras
830 347 919 401 per
933 325 1163 380 accidens
1180 370 1192 387 ‚
1213 327 1261 380 id
1275 337 1409 384 enim
1425 337 1577 385 etiam
1593 337 1848 406 experien-

320 409 391 458 tia
406 402 899 477 compertumhabeo
924 405 975 453 in
1003 405 1164 455 nervis
1180 399 1439 457 testudinis
1452 407 1529 459 vel
1547 406 1748 461 alterius
1763 426 1848 460 cu-

311 479 514 548 jussibet
528 478 845 531 instrumenti
863 502 876 540 3
900 493 1118 548 quorum
1133 493 1263 528 unus
1281 473 1316 527 si
1330 476 1548 549 pulsetur
1565 521 1577 539 ‚
1604 487 1678 535 vis
1696 480 1846 554 ipsius

318 553 426 607 soni
454 557 707 606 concutiet
734 569 914 606 omnes
946 567 1127 603 nervos
1150 554 1235 620 qui
1263 549 1430 621 aliquo
1457 571 1639 624 genere
1662 561 1846 624 quintae

317 628 402 683 vel
418 626 577 680 ditoni
594 642 741 681 erunt
757 631 1005 679 acutiores
1023 665 1034 683 ,
1064 629 1113 675 in
1143 629 1200 678 iis
1233 640 1405 677 autem
1430 631 1513 697 qui
1539 642 1740 697 quarta,
1765 630 1845 683 vel

317 703 413 755 alia
440 701 765 754 consonantia
793 699 1075 758 distabunt,
1112 697 1161 750 id
1190 718 1293 759 non
1324 697 1440 752 fiet:
1480 719 1586 771 quae
1613 716 1746 754 certe
1771 709 1847 757 vis

319 775 761 829 consonantiarum
794 793 894 827 non
921 771 1009 826 nisi
1037 789 1098 824 ex
1128 772 1323 825 illarum
1352 773 1662 846 perfeffione
1678 775 1847 848 potest

316 856 435 902 oriri
462 848 540 903 vel
568 847 948 922 imperfectione
968 891 979 910 ‚
1010 864 1116 918 quae
1130 846 1313 899 scilicet
1327 852 1494 920 primae
1509 868 1599 921 per
1612 849 1658 903 se
1673 849 1848 903 conso-

314 929 497 977 nantiae
515 922 610 976 sint
626 966 637 982 ,
664 923 767 976 alia:
784 937 951 976 autem
968 940 1054 994 per
1067 920 1298 976 accidens
1317 965 1329 984 ,
1357 928 1472 994 quia
1487 941 1549 976 ex
1565 923 1670 979 aliis
1687 923 1851 979 neces-

312 997 436 1052 sario
454 997 631 1050 ssuunt.

392 1071 691 1127 Videndum
720 1087 890 1124 autem
919 1069 990 1122 est
1017 1085 1186 1123 utrum
1215 1069 1264 1123 id
1290 1090 1463 1126 verum
1482 1070 1540 1124 sit
1553 1073 1689 1144 quod
1705 1072 1847 1147 supra

317 1145 448 1206 dixi,
483 1164 663 1199 omnes
689 1145 1037 1198 consonantias
1056 1143 1299 1216 simplices
1317 1152 1365 1198 in
1381 1146 1557 1199 octava
1574 1152 1847 1209 contineri,

315 1219 454 1291 quod
470 1226 659 1292 optime
678 1218 764 1271 fiet
779 1263 790 1280 ‚
824 1217 858 1269 si
891 1220 935 1270 C
953 1222 990 1271 B
1019 1217 1233 1270 mediam
1250 1235 1444 1291 partem
1464 1222 1567 1272 soni
1595 1227 1640 1272 A
1658 1224 1696 1274 Β
1713 1265 1723 1282 ,
1739 1239 1845 1292 quae

313 1294 548 1347 octavam
576 1299 832 1351 continet,
860 1293 1062 1347 volvam
1080 1297 1129 1344 in
1147 1293 1385 1346 circulum
1403 1336 1413 1353 ,
1450 1298 1517 1345 ita
1533 1295 1846 1367 utpunt‘fflm

317 1370 358 1421 B
387 1387 501 1419 cum
521 1367 709 1440 puncffo
740 1369 783 1419 C
805 1372 1066 1439 jungatur,
1098 1364 1281 1419 deinde
1308 1367 1391 1420 ille
1419 1368 1629 1422 circulus
1656 1367 1845 1425 divida-

317 1447 465 1494 turin
488 1445 538 1493 D
567 1443 616 1494 &
646 1445 684 1492 E
705 1483 715 1500 ‚
744 1456 801 1492 ut
829 1439 1038 1493 divisum
1073 1440 1145 1492 est
1174 1442 1217 1492 C
1236 1444 1301 1502 [ὃς
1342 1446 1468 1492 ratio
1497 1458 1667 1495 autem
1695 1461 1847 1513 quare

315 1523 384 1570 ita
411 1533 590 1568 omnes
620 1514 957 1567 consonantiae
986 1514 1391 1568 debentinveniri
1421 1557 1431 1575 ‚
1456 1514 1556 1574 est,
1587 1516 1844 1586 quianiliil

315 1589 557 1642 consonat
572 1607 685 1641 cum
714 1607 816 1641 uno
844 1588 1027 1641 ociavae
1043 1593 1259 1640 termino
1272 1631 1282 1647 ‚
1309 1592 1429 1657 quin
1445 1593 1596 1641 ctiam
1614 1609 1729 1642 cum
1747 1590 1845 1643 alio

315 1663 557 1716 consonet
575 1706 585 1723 ‚
614 1661 824 1736 utsupra
839 1663 1160 1734 probavimus
1179 1705 1190 1722 ‚
1210 1661 1343 1715 unde
1361 1661 1419 1714 fit
1434 1678 1489 1715 ut
1506 1661 1540 1715 si
1558 1668 1606 1714 in
1622 1662 1844 1733 sequenti

314 1737 473 1810 figura
501 1755 599 1790 una
628 1755 740 1809 pars
769 1737 937 1789 circuli
959 1735 1334 1789 consonantiam
1352 1734 1567 1798 efficiat,
1594 1735 1844 1792 residuum

314 1817 469 1864 etiam
484 1809 663 1863 debeat
679 1810 896 1879 aliquam
912 1809 1286 1862 consonantiam
1306 1815 1578 1864 continere.

390 1890 466 1938 Ex
504 1882 598 1936 hac
638 1883 796 1957 figura
824 1900 1028 1955 apparet
1053 1902 1203 1953 quam
1232 1883 1360 1936 recle
1387 1883 1563 1937 octava
1590 1881 1845 1957 diapasson

314 1958 622 2032 appelletur,
662 1962 777 2028 quia
813 1956 999 2010 scilicet
1037 1963 1211 2010 omnia
1249 1956 1689 2011 consonantiarum
1728 1959 1845 2013 alia-

315 2029 767 2085 rumintervallain
785 2030 829 2085 se
846 2031 1224 2104 compleststur,
1263 2030 1344 2083 hic
1371 2049 1538 2084 autem
1569 2031 1845 2087 consonan-

316 2112 411 2162 tias
442 2105 688 2180 simplices
722 2122 918 2159 tantum
950 2104 1296 2165 adliibuimu5‚
1332 2105 1444 2165 ubi,
1477 2105 1510 2158 si
1538 2105 1843 2178 compositas

315 2186 468 2234 etiam
482 2182 694 2234 velimus
710 2183 962 2239 invenire,
991 2196 1196 2252 oportet
1219 2179 1462 2233 duntaxat
1478 2181 1679 2232 cuilibet
1694 2199 1755 2233 ex
1771 2181 1843 2234 su-

314 2255 588 2326 perioribus
612 2255 887 2309 intervallis
918 2259 1166 2328 integrum
1188 2272 1344 2306 unum
1364 2254 1603 2312 circulum
1619 2255 1697 2307 vel
1712 2255 1843 2310 duos

315 2333 539 2401 integros
568 2327 834 2401 adjungere
851 2372 862 2389 ‚
893 2329 977 2382 ubi
1005 2327 1260 2405 apparebit
1283 2328 1516 2386 octavam
1529 2347 1707 2386 omnes
1724 2348 1846 2385 con·

314 2400 565 2459 sonantias
590 2421 908 2476 componere.

1764 2555 1843 2606 Ex
