2029 2912
302 112 364 170 18
725 106 1425 163 CoMrznn1vM

296 202 348 254 &
379 219 416 268 5.
446 213 684 252 numerus
724 200 863 248 enim
888 213 937 260 4.
959 193 1009 246 &
1037 210 1277 246 numerus
1305 197 1363 247 ·6.
1395 210 1458 245 ex
1485 190 1582 245 illis
1620 209 1735 248 com
1773 214 1833 250 0-

298 289 515 332 nuntur‚
554 287 703 341 atque
731 268 846 322 ideo
873 281 1074 321 tantum
1113 285 1204 338 per
1227 265 1459 320 accidens
1500 273 1697 320 numeri
1742 285 1835 323 unt

297 347 489 406 sonori,
527 361 588 399 ut
614 345 680 396 ibi
718 347 869 395 etiam
896 355 1037 414 patet
1073 340 1159 392 ubi
1187 344 1237 391 in
1263 339 1399 392 recto
1425 338 1600 394 ordine
1626 343 1676 394 &
1702 343 1835 397 recia

296 421 430 475 linea
459 438 562 473 non
590 431 831 492 generant
867 433 1026 470 novas
1054 412 1404 468 consonantias
1423 456 1435 474 ,
1480 414 1560 467 sed
1588 415 1835 471 duntaxat

294 494 406 549 illas
433 513 538 566 quae
579 511 640 545 ex
667 489 914 564 prioribus
954 501 1332 559 componuntur
1361 511 1371 538 :
1421 506 1517 561 vg.
1542 511 1590 555 4,
1631 508 1836 565 generat

294 568 548 623 decimam
588 572 819 638 quintam
848 608 859 625 ,
915 570 960 617 6.
991 576 1159 615 autem
1186 560 1436 614 decimam
1466 578 1654 616 nonam
1685 608 1696 626 ,
1745 585 1837 640 per

294 643 528 697 accidens
557 657 724 694 autem
754 642 803 693 &
840 643 892 690 in
926 636 1058 690 linea
1096 633 1361 690 transversa
1387 656 1436 700 4.
1461 652 1669 710 generat
1692 658 1834 710 quar-

297 734 404 771 tam
422 761 434 778 ,
472 718 521 770 &
547 720 592 768 6.
623 720 825 769 tertiam
853 716 1134 770 minorem,
1171 704 1257 763 ubi
1283 708 1446 762 obiter
1473 710 1757 768 notandum
1783 719 1835 768 in

297 810 511 847 numero
528 797 608 855 4⁰¹·
622 803 852 861 quartam
879 784 1196 839 immeditate
1218 783 1279 837 ab
1290 783 1469 839 octava
1495 792 1746 858 generari,
1785 789 1837 842 &

295 865 394 920 esse
429 864 586 920 veluti
635 861 894 935 quoddam
932 858 1217 915 monstrum
1262 857 1450 915 oRavae
1498 858 1741 918 deficiens
1786 864 1838 917 &

296 938 665 1015 imperfectum.

864 1086 965 1154 De
1006 1085 1268 1178 Qinta.

450 1235 540 1286 AEc
578 1231 651 1286 est
692 1230 1133 1285 consonantiarum
1183 1231 1415 1280 omnium
1453 1228 1722 1302 gratiffima
1759 1245 1835 1286 at·

453 1326 550 1379 que
593 1306 794 1360 auribus
833 1301 1193 1376 acceptissima,
1231 1300 1445 1373 ideoque
1483 1302 1569 1356 illa
1595 1308 1647 1357 in
1676 1311 1835 1359 canti-

298 1384 426 1436 lenis
465 1381 703 1435 omnibus
741 1376 1123 1452 quodammodo
1150 1373 1404 1448 praefidere
1453 1377 1503 1429 &
1544 1383 1838 1450 primarium

299 1459 473 1511 locum
506 1474 753 1528 occupare
795 1451 1079 1513 consuevit3
1117 1448 1250 1502 unde
1293 1448 1431 1502 modi
1472 1457 1731 1515 oriuntur,
1769 1453 1837 1508 se·

299 1538 471 1603 quitur
491 1547 660 1584 autem
689 1527 809 1581 illud
829 1546 893 1580 ex
911 1534 1306 1597 7⁰·praenotat03
1344 1543 1460 1576 cum
1490 1530 1655 1587 enim,
1692 1543 1749 1580 ut
1774 1547 1839 1583 ex

295 1611 401 1674 jam
441 1604 586 1658 dictis
625 1618 763 1676 patet
790 1644 804 1663 ,
863 1598 964 1654 sive
989 1617 1053 1651 ex
1089 1595 1332 1652 divisione
1376 1595 1475 1652 sive
1514 1617 1578 1652 ex
1615 1608 1840 1658 numeris

300 1678 420 1754 ipsis
449 1678 892 1734 consonantiarum
919 1670 1281 1746 perfectionem
1296 1670 1553 1728 eliciamus
1572 1716 1584 1735 ,
1610 1690 1712 1729 tres
1727 1691 1838 1729 tan-

302 1770 414 1806 tum
442 1772 534 1827 pro
573 1757 641 1805 rie
680 1749 1013 1803 consonantia:
1049 1751 1386 1820 reperiantur,
1424 1752 1557 1801 inter
1581 1766 1706 1819 quas
1730 1769 1839 1804 me-

301 1827 438 1881 diam
476 1772 639 1880 sedem
678 1823 877 1877 obtinet
905 1865 917 1883 ‚
970 1836 1105 1875 certe
1141 1824 1234 1873 erit
1271 1819 1354 1872 illa
1391 1839 1497 1891 quae
1535 1839 1697 1894 neque
1732 1840 1840 1879 tam

301 1908 483 1956 acriter
509 1917 565 1954 ut
590 1898 793 1952 ditonus
811 1940 822 1958 ‚
862 1913 1023 1967 neque
1053 1911 1158 1948 tam
1196 1892 1430 1967 languide
1460 1911 1517 1947 ut
1554 1894 1808 1971 diapaffon
1826 1942 1839 1960 ‚

303 1975 387 2030 sed
425 1980 657 2029 omnium
685 1969 1041 2042 jucundissimo
1077 1967 1276 2022 auribus
1316 1967 1598 2024 resonabit:
1649 1971 1840 2027 rursum

302 2069 369 2103 cx
397 2049 640 2124 2³·figura
678 2062 815 2120 patet
853 2040 949 2099 effe
981 2048 1075 2098 tria
1111 2046 1295 2113 quintae
1335 2061 1545 2116 genera,
1595 2047 1681 2099 ubi
1712 2045 1840 2100 duo-

305 2124 502 2177 decima
544 2121 767 2176 medium
812 2119 983 2172 locum
1024 2131 1266 2189 occupat,
1311 2135 1463 2187 quam
1516 2117 1630 2172 ideo
1677 2119 1839 2193 perfe-

306 2198 566 2251 ctissimam
583 2202 812 2267 quintam
827 2191 922 2259 esse
949 2196 1233 2263 inquiemus
1250 2232 1261 2249 ,
1299 2190 1432 2243 unde
1447 2191 1840 2263 sequereturhac

307 2270 409 2324 sola
438 2277 489 2324 in
512 2271 708 2325 Musica
738 2268 883 2323 nobis
908 2265 1159 2321 utendum
1192 2263 1298 2317 sore
1327 2308 1339 2324 ‚
1391 2264 1480 2318 nisi
1509 2284 1567 2320 ut
1593 2267 1839 2332 diximus,

311 2350 364 2397 in
379 2346 560 2399 ultimo
574 2358 852 2419 praenotato
866 2385 879 2405 ‚
906 2345 1118 2397 varietas
1134 2335 1399 2393 neccssaria
1413 2337 1535 2395 esset
1550 2340 1611 2395 ad
1625 2341 1841 2398 delecta-

314 2435 524 2474 tionem.

391 2492 488 2546 Sed
526 2492 730 2560 objicies
767 2490 1002 2544 octavam
1041 2487 1309 2559 aliquando
1347 2487 1499 2542 solam
1542 2489 1644 2545 fine
1682 2498 1839 2548 varie.

312 2582 419 2622 tate
446 2573 571 2641 poni
608 2570 659 2620 in
687 2563 911 2628 Musica,
963 2582 1081 2618 cum
1123 2582 1225 2636 v.g.
1254 2561 1355 2618 duo
1384 2563 1597 2621 candem
1634 2566 1838 2621 cantile-

1720 2660 1839 2696 nam
