2029 2912
334 120 405 171 34
715 102 1414 155 COMPan1VM

332 204 516 242 omnes
544 183 749 258 aliaque
776 184 1176 256 ejusintervalla
1198 186 1400 242 calculo
1415 185 1624 243 subduci
1654 190 1870 263 possint..

330 260 495 332 Quod
511 276 566 313 ut
583 258 701 320 fiat,
730 258 998 315 sciendum
1014 260 1090 315 est
1117 261 1378 335 prasticos
1394 260 1648 318 Musicam
1665 263 1858 320 descri-

327 336 448 390 bere
465 340 596 389 intra
611 340 838 406 quinque
854 334 1047 404 lineas,
1070 336 1258 406 quibus
1277 341 1437 391 etiam
1457 336 1562 391 aliae
1577 337 1857 404 adduntur,

324 409 360 464 st
381 408 650 465 cantilenae
677 414 790 462 toni
807 408 965 464 latius
983 409 1335 464 extendantur
1352 451 1363 470 ‚
1393 409 1486 466 has
1503 430 1675 466 autem
1691 413 1864 472 lineas

318 482 522 539 duobus
540 481 781 556 gradibus
794 483 856 537 ab
872 488 1099 539 invicem
1115 483 1324 543 distare,
1341 483 1561 556 ideoque
1577 493 1713 542 inter
1725 488 1861 545 duos

320 576 385 613 ex
403 559 505 613 illis
519 557 720 631 semper
736 577 889 612 unam
905 558 1060 614 aliam
1075 556 1335 613 subaudiri
1355 604 1366 622 ‚
1394 578 1502 631 quae
1518 560 1791 620 brevitatis
1806 567 1861 621 &

319 631 718 688 commoditatis
747 633 896 687 causa
926 638 1220 699 omittitur;
1251 654 1369 688 cum
1386 652 1563 690 autem
1593 656 1780 693 omnes
1797 639 1858 693 il·
1884 651 1886 653 ’

317 707 376 761 1ae
400 708 545 762 lineae
574 707 840 776 aequaliter
866 705 1061 762 distent
1087 707 1150 763 ab
1180 713 1412 763 invicem
1442 754 1454 772 ‚
1495 709 1663 784 spatia
1678 728 1858 768 autem

318 781 585 853 inaequalia
616 779 909 854 significent
927 826 939 845 ,
970 781 1168 837 idcirco
1185 782 1289 837 duo
1304 782 1443 858 signa
1474 789 1687 841 inventa
1702 785 1814 841 sunt
1827 786 1869 840 b>

316 858 366 911 &
395 852 446 931 tq
471 899 483 916 ‚
521 872 740 926 quorum
758 874 919 910 unum
940 862 992 911 in
1004 875 1064 912 ea
1086 856 1284 913 chorda
1300 864 1585 933 apponitur
1602 905 1614 922 ‚
1631 879 1737 932 quae
1753 877 1860 916 ter-

315 935 518 984 minum
540 932 577 984 B
583 928 657 999 fa
681 930 813 1002 lqmi
832 932 1190 1006 repraesentat:
1219 950 1465 1006 praeterea
1479 939 1601 1006 quia
1616 954 1718 990 una
1735 955 1857 992 can-

314 1004 479 1060 tilena
493 1003 623 1078 saepe
640 1004 824 1061 multis
840 1006 1075 1080 partibus
1094 1007 1322 1067 constat,
1344 1026 1450 1078 quae
1464 1027 1642 1082 partes
1657 1009 1857 1083 separa·-

313 1077 788 1133 timvdescribunrur
805 1124 818 1143 ,
837 1079 1154 1136 nondumex
1171 1081 1273 1136 illis
1293 1082 1473 1155 figuris
1490 1083 1519 1135 b
1542 1087 1591 1139 8(
1620 1083 1678 1154 ἡ
1694 1104 1857 1159 agno-

311 1152 728 1227 scitur‚quaenam
746 1153 927 1210 harum
943 1161 1174 1228 partium
1194 1155 1252 1208 sit
1267 1155 1502 1229 superior
1515 1159 1602 1211 vel
1619 1157 1863 1225 inferior3.

313 1227 513 1282 idcirco
532 1228 630 1281 alia
644 1234 743 1283 tria
761 1228 903 1303 figna
918 1233 1133 1285 inventa
1149 1229 1264 1283 sunt
1280 1275 1291 1291 ‚
1311 1247 1365 1287 9:
1398 1238 1475 1300 ρ’.
1499 1231 1563 1286 G.
1583 1276 1596 1295 ,
1626 1252 1855 1305 quorum

310 1301 670 1371 ordinemjam
697 1302 847 1377 supra
861 1304 1229 1377 probavimus:
1261 1323 1375 1378 q-uae
1392 1312 1574 1361 omnia
1604 1323 1667 1361 ut
1680 1314 1852 1382 magis

310 1392 530 1449 pateant
556 1375 860 1450 sequentem
903 1378 1123 1453 figuram
1154 1378 1376 1448 subjicio
1397 1424 1408 1439 .
1448 1386 1500 1434 in
1529 1401 1634 1454 qua
1664 1400 1863 1439 omnes»

312 1450 891 1525 chordasexpreffimus
918 1453 1101 1509 &illas
1131 1458 1305 1509 minus
1320 1455 1404 1509 vel
1437 1462 1606 1529 magis
1635 1456 1698 1510 ab
1719 1462 1851 1512 invi-

312 1544 425 1579 cem
444 1532 765 1581 removimus
784 1570 795 1588 ‚
826 1547 923 1601 pro
940 1542 995 1580 ut
1021 1534 1228 1582 minora
1254 1528 1552 1596 velrmajora
1577 1529 1849 1604 spatiade·

310 1598 515 1673 signant
531 1643 543 1662 ‚
587 1615 647 1654 ut
669 1605 832 1655 etiam
863 1600 928 1655 ad
948 1601 1165 1656 oculum
1187 1618 1359 1676 pateat
1387 1602 1858 1661 consonantiarum·

306 1680 579 1748 proportio
607 1701 619 1739 3
698 1691 910 1731 raeterea
937 1675 1203 1750 duplicem
1222 1676 1358 1731 hanc
1387 1678 1609 1752 figuram
1625 1678 1849 1736 fecimus

307 1765 368 1802 ut
381 1764 560 1820 pateat
575 1695 870 1804 difiperentia
895 1756 1029 1804 inter
1044 1750 1136 1805 b&
1154 1747 1207 1822 [1
1234 1777 1247 1816 ;
1286 1771 1454 1825 neque
1472 1759 1611 1807 enim
1633 1752 1852 1823 possunt

308 1822 581 1877 cantilenae
601 1868 612 1885 ,
639 1841 748 1895 quae
779 1843 874 1895 per
900 1844 1062 1878 unum
1093 1830 1207 1879 cani
1234 1826 1430 1880 debent
1449 1870 1460 1888 ‚
1498 1846 1593 1901 per
1622 1828 1767 1882 aliud
1797 1848 1850 1883 e-

308 1903 433 1952 tiam
450 1896 633 1960 scribi,
667 1897 762 1953 nifi
777 1898 968 1953 horum
988 1918 1174 1955 omnes
1192 1907 1304 1954 toni
1323 1918 1505 1973 quarta
1522 1902 1604 1957 vel
1619 1909 1801 1976 quinta
1817 1903 1858 1957 τὶ.

304 1978 518 2046 propria
545 1971 665 2027 sede
694 1990 1093 2036 removeantur,
1125 1980 1196 2029 ira
1216 1974 1415 2032 scilicet
1442 1993 1502 2030 ut
1516 1978 1606 2032 ubi
1635 1976 1847 2034 statter-

305 2053 478 2106 minus
498 2051 533 2104 F
558 2059 642 2110 ut,
658 2047 763 2127 fag
786 2049 1140 2125 ibiponantur
1166 2050 1210 2103 C
1224 2050 1332 2121 fol,
1361 2062 1444 2109 ut,
1467 2053 1548 2119 fa.

1635 2588 1678 2641 b‘.
1704 2591 1845 2647 molle?
