2029 2912
721 90 1401 154 comm-:nnivu

289 123 361 161 20

285 191 369 244 illa
417 186 519 242 uafi
535 183 712 240 umbra
725 188 908 256 quintae
923 226 934 245 ‚
959 200 1066 255 quae
1091 182 1228 238 illam
1253 196 1500 258 perpetuo
1514 185 1816 249 comitetur,

285 207 432 337 possit
448 258 682 334 appellari
700 303 712 321 ,
739 275 891 331 atque
917 256 1035 312 inde
1051 262 1158 326 jam
1172 274 1315 331 patet
1327 275 1478 329 quare
1493 256 1575 311 illa
1590 263 1641 312 in
1657 266 1815 315 canti·

286 338 415 392 lenis
429 341 593 408 primo
607 336 656 388 &
670 353 760 407 per
784 333 831 388 se
849 376 860 396 ,
889 332 989 387 hoc
1013 331 1086 386 est
1112 337 1246 386 inter
1269 329 1462 386 bassum
1476 333 1525 386 ὅ(
1540 331 1691 387 aliam
1704 353 1818 408 par-

285 428 394 465 tem
411 454 422 472 ‚
458 428 565 464 non
591 407 738 484 poffit
763 413 941 482 reponi
968 432 979 460 ε
1019 426 1135 460 cum
1159 410 1297 460 enim
1319 404 1590 463 dixerimus
1615 425 1818 467 caeteras

281 484 636 539 consonantias
659 482 907 538 duntaxat
923 480 985 537 ad
1000 480 1292 536 variandam
1306 485 1538 553 quintam
1552 480 1650 536 esse
1663 485 1818 541 utiles

277 564 330 614 in
346 559 693 622 Musica,ccrte
708 557 914 614 evidens
929 556 1002 612 est
1015 556 1152 611 illam
1166 554 1274 611 fore
1289 555 1657 616 inutilem‚cum
1672 565 1816 630 quin-

277 652 387 690 tam
404 655 507 690 non
521 641 681 692 variet
697 678 709 696 ‚
736 632 872 705 quod
886 649 1026 707 patet
1043 675 1055 694 ,
1082 637 1199 704 quia
1213 630 1248 685 fi
1266 630 1350 685 illa
1362 646 1632 705 poneretur
1645 636 1696 685 in
1711 653 1819 708 gra-

278 715 419 763 viore
431 726 572 783 parte
587 753 599 771 ,
626 715 802 780 quinta
830 713 1023 762 acutior
1048 706 1243 780 semper
1269 705 1527 760 resonaret
1543 748 1555 767 ,
1580 704 1665 759 ubi
1679 704 1817 762 facil-

278 783 400 837 lime
424 783 624 860 auditus
651 783 933 839 adverteret
965 782 1103 836 illam
1132 782 1162 835 a
1187 780 1298 836 sede
1322 785 1522 856 propria
1538 779 1601 834 ad
1617 779 1817 836 inferio·

278 877 386 912 rem
401 857 500 912 effe
515 858 835 914 deturbatam
852 903 864 921 ,
896 857 1112 928 ideoque
1137 861 1360 910 maxime
1372 870 1548 928 quarta
1565 854 1636 908 illi
1649 854 1816 931 displi-

277 949 414 986 ceret
430 975 442 994 ‚
468 933 607 1005 quasi
622 948 828 988 tantum
842 932 1020 988 umbra
1031 950 1124 1006 pro
1148 950 1359 1008 corpore
1375 974 1388 994 ,
1414 929 1497 986 vel
1524 936 1693 1006 imago
1719 949 1815 1007 pto

274 1007 375 1081 ipsa
390 1014 445 1063 re‘
453 1007 583 1062 foret
596 1007 804 1077 objesta.

428 1158 529 1224 De
545 1159 771 1226 Dt'tono
789 1159 1013 1226 Tertia
1031 1162 1246 1225 minore
1267 1206 1285 1236 ,
1325 1155 1424 1235 ξφ
1441 1157 1656 1225 Sextis.

274 1316 406 1449 D
425 1318 635 1368 Itonum
661 1327 839 1384 quarta
853 1311 1025 1366 multis
1043 1310 1334 1364 nominibus
1346 1309 1698 1383 perfectiorem
1713 1307 1813 1364 esse

426 1403 567 1463 patet
594 1405 656 1440 ex
682 1386 827 1441 diffis
846 1431 857 1449 ,
886 1386 1066 1457 quibus
1096 1384 1195 1437 hoc
1222 1383 1431 1445 addam,
1460 1391 1608 1439 unius
1636 1383 1810 1438 conso-

274 1469 455 1518 nantiae
476 1459 840 1535 perfectionem
856 1478 959 1513 non
976 1479 1038 1513 ex
1058 1457 1140 1511 illa
1154 1459 1344 1531 praecise
1359 1458 1672 1513 considerata
1685 1458 1809 1512 dum

274 1537 349 1591 est
364 1537 574 1610 simplex
591 1578 602 1594 ,
630 1533 710 1589 sed
733 1532 828 1588 esse
852 1532 1212 1587 desumendam
1230 1532 1375 1586 simul
1390 1532 1450 1585 ab
1463 1533 1700 1588 omnibus
1716 1533 1809 1586 hu-

264 1616 346 1680 jus
363 1609 659 1685 compositis
677 1648 688 1669 ‚
716 1614 854 1676 cujus
880 1614 1010 1663 ratio
1033 1607 1106 1661 est
1126 1651 1135 1668 ‚
1163 1611 1278 1679 quia
1295 1625 1552 1678 nunquam
1568 1612 1807 1676 tamjeju-

273 1706 339 1741 ne
355 1686 458 1740 sola
486 1685 642 1740 audiri
668 1683 860 1758 potest,
889 1688 1009 1756 quin
1041 1680 1186 1750 hujus
1213 1681 1500 1755 compofitae
1526 1681 1808 1736 resonantia

272 1761 532 1822 audiatur,
564 1778 681 1813 cum
709 1764 761 1811 in
787 1759 998 1811 unisono
1027 1761 1179 1810 etiam
1207 1756 1393 1811 ostavae
1419 1761 1658 1812 acutioris
1682 1756 1810 1811 reso-

271 1841 501 1889 nantiam
520 1838 765 1888 contineri
780 1831 920 1907 supra
934 1831 1125 1885 diStum
1157 1829 1244 1883 sit:
1284 1829 1354 1885 fic
1378 1848 1549 1885 autem
1577 1830 1806 1886 conside·

271 1927 437 1965 ratum
453 1909 690 1964 ditonum
704 1923 846 1981 patet
863 1925 925 1960 ex
939 1904 1151 1959 secunda
1168 1903 1323 1979 figura
1339 1906 1617 1960 minoribus
1633 1923 1810 1959 nume-

271 1991 337 2039 ris
367 1983 592 2037 constare
620 2001 774 2055 quam
799 1998 975 2055 quarta
998 2023 1010 2042 ,
1051 1979 1267 2051 ideoque
1299 1976 1397 2033 csse
1423 1979 1771 2053 perfeciiorem
1792 2023 1806 2042 ,

271 2078 368 2129 qua
384 2076 587 2132 propter
601 2063 757 2113 etiam
772 2057 839 2110 ibi
853 2056 996 2110 illum
1013 2070 1130 2109 ante
1145 2072 1373 2126 quartam
1388 2053 1643 2128 posuimus
1661 2098 1672 2116 ‚
1687 2060 1805 2127 quia

274 2139 324 2186 in
342 2134 425 2186 illa
452 2133 608 2207 figura
633 2150 810 2185 omnes
838 2129 1189 2185 consonantias
1208 2135 1354 2198 juxta
1380 2128 1610 2183 ordinem
1638 2127 1803 2202 perfe-

273 2206 451 2263 &ionis
467 2207 720 2263 voluimus
736 2205 997 2260 collocate.
1035 2209 1136 2259 Hic
1161 2220 1333 2258 autem
1360 2203 1715 2277 explicandum
1729 2203 1804 2257 est

278 2300 432 2352 quare
450 2287 654 2334 tertium
669 2299 826 2356 genus
847 2280 1009 2334 ditoni
1036 2277 1094 2332 sit
1119 2277 1522 2352 perfetsiissimum
1540 2322 1551 2340 ,
1579 2295 1728 2351 atque
1752 2284 1803 2333 in

277 2363 441 2411 nervis
457 2355 716 2410 testudinis
740 2354 1149 2409 tremulationem
1174 2351 1360 2407 efficiat
1381 2353 1482 2407 visu
1507 2354 1803 2428 perceptibi-

279 2431 378 2507 lem
397 2475 408 2489 ,
452 2437 619 2504 potius
646 2449 797 2501 quam
826 2435 1044 2503 primum
1072 2445 1157 2482 aut
1181 2426 1480 2489 secundum,
1521 2428 1659 2500 quod
1684 2433 1802 2482 oriri

278 2505 537 2565 existimO,
565 2509 669 2557 imo
687 2501 867 2565 assem,
897 2523 959 2557 ex
985 2522 1046 2556 eo
1073 2502 1212 2574 quod
1238 2508 1287 2556 in
1316 2503 1578 2577 multiplici
1595 2521 1803 2575 propor-

275 2586 414 2637 tione
440 2578 701 2641 consistat,
725 2577 822 2635 alia
833 2577 1029 2654 insuper
1041 2578 1352 2652 particulari,
1380 2578 1458 2636 vel
1475 2577 1803 2707 multiplsici&

1684 2669 1804 2726 uper
