2029 2912
329 90 362 148 8
747 88 1450 146 Coum-univit

335 206 472 257 enim
507 199 706 275 possum
748 200 875 256 tales
916 212 1066 253 notas
1102 196 1230 253 solas
1269 216 1459 272 ponere
1526 167 1881 375 Ξ

334 277 419 330 ubi
466 273 683 330 secunda
745 274 820 329 est
876 288 1054 346 quarta
1089 290 1205 347 pars
1241 278 1456 347 primae:

334 382 418 438 sed
435 383 504 440 fic
804 379 890 434 ubi
916 379 1141 435 secundat
1162 378 1477 435 ultimae-sunt
1492 384 1658 440 media
1675 404 1787 460 pars
1808 393 1874 436 1⁹-

335 382 789 595 ficqueffi
804 456 878 511 est
914 470 1117 510 tantum
1152 461 1416 530 proportio
1450 455 1606 535 dupla
1632 460 1872 535 multipli-

334 551 462 590 cata.

406 622 578 678 Exhis
594 620 791 677 duobus
822 623 1213 694 proportionum
1239 618 1505 693 generibus
1529 623 1582 673 in
1607 635 1840 696 tempore
1861 624 1876 685 ‚⁷

330 713 441 751 orta
455 695 571 751 sunt
585 698 687 751 duo
703 714 886 770 genera
903 691 1245 747 mensurarum
1262 699 1313 747 in
1328 693 1530 749 Musica
1547 737 1558 755 ,
1587 714 1705 748 nem
1744 715 1771 749 e
1787 714 1874 769 pet

332 770 636 827 divisionem
653 776 704 825 in
735 777 798 840 3²·
838 784 1096 842 tempore,
1119 768 1203 825 vel
1228 774 1280 821 in
1303 775 1365 822 2⁰·
1391 767 1494 823 haec
1508 785 1678 823 autem
1733 770 1876 826 ivisio

332 863 542 901 notatur
560 844 870 920 percuffione
888 843 971 899 vel
985 843 1188 899 battuta
1203 886 1214 904 ‚
1241 859 1502 899 utvocant
1518 887 1530 904 ,
1561 843 1700 915 quod
1726 843 1787 898 fit
1811 843 1876 898 ad

325 920 610 990 juvandum
638 924 1059 994 imaginationem
1092 917 1345 978 nostram,
1384 937 1485 990 qua
1499 917 1741 991 possimus
1755 917 1877 974 saci-

333 997 432 1052 lius
459 1001 632 1049 omnia
646 995 908 1050 cantilenae
923 994 1149 1047 membra
1166 997 1422 1067 percipere
1440 1017 1453 1057 3
1480 995 1529 1047 &
1544 998 1876 1067 proportione

333 1089 442 1143 quae
465 1076 515 1124 in
544 1070 641 1126 illis
665 1065 760 1124 effe
789 1068 968 1129 debet,
995 1067 1240 1122 deleRari.
1290 1071 1414 1121 Haec
1428 1085 1600 1122 autem
1615 1073 1877 1142 proportio

336 1146 451 1201 talis
469 1146 687 1201 servatur
700 1142 951 1218 saepiffime
980 1148 1032 1196 in
1061 1141 1301 1196 membris
1329 1143 1619 1203 cantilenae,
1645 1160 1703 1198 ut
1730 1139 1877 1216 possit

334 1219 795 1294 apprehensionem
827 1216 1051 1269 nostram
1077 1221 1149 1271 ita
1167 1220 1346 1283 juvare
1365 1258 1377 1276 ‚
1411 1233 1469 1270 ut
1489 1216 1612 1269 dum
1637 1217 1879 1269 ultimum

333 1295 568 1350 audimus
584 1292 751 1349 adhuc
766 1295 1015 1366 temporis
1034 1334 1045 1352 ‚
1070 1289 1209 1363 quod
1225 1295 1276 1343 in
1291 1295 1458 1364 primo
1473 1289 1572 1345 fuit
1583 1333 1595 1354 ,
1611 1291 1660 1344 8<
1675 1289 1811 1362 quod
1827 1297 1880 1344 in
1944 1326 1947 1327 ν

335 1370 527 1441 reliqua
542 1368 795 1424 cantilena
811 1365 1132 1421 recordemur
1150 1392 1163 1431 3
1182 1363 1320 1438 quod
1337 1364 1397 1420 fit
1415 1411 1425 1429 ‚
1447 1366 1483 1421 fi
1500 1382 1611 1434 tota
1629 1365 1881 1420 cantilena

337 1444 420 1500 vel
437 1446 482 1499 8.
499 1445 581 1500 vel
601 1449 674 1499 16.
691 1442 772 1499 vel
799 1441 1173 1513 32.vel64.&c.
1199 1441 1439 1495 membris
1456 1440 1677 1492 constet:
1705 1456 1779 1500 ut,
1792 1438 1880 1491 sci-

335 1519 453 1574 licet
470 1561 481 1580 ,
511 1536 693 1572 omnes
718 1516 988 1573 divisiones
1009 1516 1037 1568 a
1052 1519 1387 1589 proportione
1403 1513 1556 1586 dupla
1577 1512 1879 1588 procedant,

338 1611 464 1648 tunc
484 1598 626 1647 enim
654 1592 778 1646 dum
811 1599 874 1643 2⁰·
907 1597 962 1647 1²·
1007 1590 1234 1642 membra
1260 1588 1547 1645 audivimus
1566 1631 1577 1649 ‚
1618 1588 1700 1641 illa
1729 1586 1881 1641 instar

339 1673 492 1723 unius
509 1672 827 1741 concipimus
847 1708 858 1727 ‚
886 1663 1011 1719 dum
1026 1669 1233 1719 tertium
1250 1662 1536 1717 membrum
1557 1661 1722 1717 adhuc
1738 1661 1880 1716 illum

341 1762 461 1797 cum
479 1743 544 1797 1³⁵·
561 1747 914 1815 conjungimus
935 1785 947 1803 ‚
980 1744 1048 1792 ita
1072 1755 1128 1793 ut
1144 1738 1205 1795 sit
1218 1743 1479 1812 proportio
1494 1738 1672 1811 tripla;
1709 1736 1883 1811 postea

339 1816 464 1870 dum
480 1816 712 1870 audimus
731 1822 829 1885 4⁰¹⁰·
843 1813 964 1867 illud
976 1833 1094 1867 cum
1112 1818 1532 1885 tertiojungimus
1548 1855 1559 1872 ‚
1576 1818 1645 1866 ita
1658 1828 1715 1865 ut
1730 1810 1881 1865 instar

339 1898 490 1946 unius
506 1895 868 1964 concipiamus:
884 1886 1065 1941 deinde
1087 1895 1147 1940 2⁰·
1171 1892 1330 1961 prima
1345 1906 1461 1940 cum
1477 1886 1673 1941 duobus
1689 1886 1883 1940 ultimis

341 1971 525 2021 iterum
543 1970 896 2038 conjungimus
914 1967 984 2017 ita
998 1979 1056 2016 ut
1071 1961 1224 2016 instar
1240 1967 1391 2021 unius
1421 1961 1502 2015 illa
1533 1969 1614 2026 4⁰¹·
1632 1964 1883 2034 concipia-

342 2059 460 2095 mus
478 2039 626 2096 simul
644 2064 658 2103 ;
693 2041 743 2094 &
771 2037 837 2092 sic
865 2035 928 2092 ad
945 2036 1103 2090 finem
1118 2035 1268 2108 usque
1285 2035 1450 2090 nostra
1463 2041 1756 2109 imaginatio
1769 2054 1885 2108 pro-

343 2114 479 2170 cedit
498 2160 510 2178 ,
538 2115 623 2169 ubi
639 2113 845 2168 tandem
861 2131 1072 2166 omnem
1088 2110 1393 2166 cantilenam
1411 2154 1422 2169 ,
1438 2127 1495 2164 ut
1510 2129 1669 2163 unum
1686 2108 1805 2183 quid
1823 2127 1886 2162 ex

345 2189 517 2244 multis
535 2188 805 2262 aequalibus
823 2186 1060 2242 membris
1078 2185 1360 2240 conflatum
1377 2228 1388 2246 ‚
1417 2189 1656 2258 concipit.

416 2267 568 2318 Pauci
588 2279 760 2318 autem
777 2261 1080 2321 advertunt,
1109 2279 1210 2332 quo
1225 2260 1373 2334 pa8to
1402 2258 1504 2312 liaec
1530 2258 1756 2314 mensura
1784 2256 1886 2313 sine

346 2338 550 2394 battuta
577 2344 628 2391 in
656 2337 845 2393 musica
872 2335 1020 2392 valde
1046 2335 1299 2390 diminuta
1325 2337 1375 2389 8(
1401 2334 1672 2391 multarum
1699 2353 1888 2391 vocum

348 2413 548 2468 auribus
564 2412 859 2467 exhibeatur
876 2457 888 2473 ‚
915 2410 1055 2483 quod
1069 2409 1184 2464 dico
1202 2408 1307 2464 fieri
1323 2425 1524 2463 tantum
1553 2409 1772 2479 quadam
1796 2408 1889 2483 spi-

348 2492 476 2541 ritus
493 2485 772 2542 intensione
787 2491 839 2538 in
853 2485 1015 2540 vocali
1031 2484 1236 2544 musica,
1252 2485 1332 2539 vel
1349 2483 1510 2537 tatius
1530 2489 1577 2536 in
1593 2483 1889 2538 instrumen-

355 2566 421 2618 tis
442 2606 453 2624 ,
482 2568 552 2618 ita
576 2577 630 2616 ut
657 2565 802 2616 initio
819 2558 1051 2632 cujusque
1065 2559 1271 2614 battutae
1286 2557 1561 2616 distinctius
1575 2558 1725 2614 sonus
1741 2563 1889 2612 cmit-

1726 2648 1860 2687 tatur
1877 2656 1888 2684 :
