2029 2912
225 59 267 110 ‚6
662 44 1397 107 Gomrnnoivu'

798 209 1229 278 Praenotanda.

250 356 398 491 1⁰·S
421 350 580 408 Ensus
595 372 777 408 omnes
795 354 1001 422 alicujus
1019 352 1373 408 delestationis
1387 351 1500 407 sunt
1513 370 1736 428 capaces,

482 436 543 482 2⁰·
580 430 662 482 Ad
693 427 822 482 hanc
836 428 1226 485 delectationem
1245 431 1511 499 requiritur
1524 433 1785 502 proportio

210 569 217 577 ⁸
242 503 469 577 quaedam
487 502 666 571 objecti
683 523 799 557 cum
819 502 918 577 ipso
936 502 1069 556 sensu
1089 547 1101 566 ‚
1129 503 1263 557 unde
1281 501 1340 557 fit
1357 519 1415 556 ut
1431 522 1473 556 v.
1490 522 1533 576 g.
1549 502 1784 576 strepitus

238 579 522 654 scloporum
542 578 622 632 vel
656 584 946 633 tonitruum
977 597 1080 632 non
1104 577 1340 634 videatur
1365 594 1514 650 aptus
1544 576 1606 631 ad
1633 578 1784 633 musi-

241 673 381 716 cam,
411 660 528 724 quia
540 652 720 707 scilicet
736 672 884 708 aures
900 652 1127 716 laedcret‚
1154 672 1212 709 ut
1237 652 1415 708 oculos
1448 651 1561 707 solis
1590 650 1784 709 adversi

240 735 423 782 nimius
439 727 683 800 splendor.

315 811 375 872 3⁰·
412 801 539 856 Tale
566 800 820 869 objet‘ium
836 798 933 856 esse
951 799 1107 857 debet
1134 819 1195 857 ut
1221 820 1324 856 non
1350 808 1499 857 nimis
1515 800 1785 857 difficulter

240 877 289 931 &
308 874 521 930 confuse
537 876 682 930 cadat
698 882 747 929 in
763 876 981 937 sensum,
1011 877 1146 932 unde
1163 876 1219 932 fit
1236 896 1295 935 ut
1321 897 1365 932 v.
1385 897 1428 952 g.
1460 876 1606 931 valde
1623 878 1787 952 impli-

244 968 354 1004 cata
372 951 534 1022 aliqua
550 950 729 1025 figura,
764 951 882 1006 licet
900 952 1135 1025 regularis
1157 952 1217 1008 sit
1238 993 1248 1010 ‚
1275 953 1436 1024 qualis
1464 951 1537 1006 est
1562 957 1785 1006 materin

243 1024 530 1079 Astrolabio
550 1069 561 1084 ‚
587 1045 690 1079 non
721 1025 850 1080 adeo
878 1027 1077 1100 placeat
1106 1026 1349 1101 aspec'iui‚
1377 1045 1529 1099 quam
1560 1027 1652 1080 alia
1678 1044 1786 1099 quae

236 1106 402 1172 magis
431 1099 696 1172 aequalibus
725 1101 872 1155 lineis
903 1101 1154 1156 constaret
1173 1146 1184 1161 ,
1211 1102 1358 1174 quale
1386 1108 1436 1155 in
1468 1102 1652 1156 eodem
1679 1119 1788 1156 rete

244 1172 340 1228 effe
355 1173 514 1229 solet:
555 1180 695 1243 cujus
712 1182 837 1228 ratio
855 1174 928 1228 est
944 1218 956 1234 ‚
984 1183 1100 1248 quia
1119 1176 1318 1249 plenius
1343 1180 1391 1228 in
1410 1175 1507 1228 hoc
1521 1175 1683 1231 sensus
1701 1175 1789 1231 sibi

243 1246 480 1303 satisfacit
494 1267 647 1321 quarn
663 1255 714 1303 in
729 1251 889 1304 altero
904 1293 914 1312 ‚
940 1250 1026 1304 ubi
1056 1251 1217 1306 multa
1243 1252 1352 1306 sunt
1367 1269 1474 1323 quae
1488 1249 1603 1306 satis
1617 1249 1790 1304 distin·

246 1321 324 1376 θεὲ
339 1342 442 1376 non
524 1330 684 1399 rcipit.

319 1406 384 1468 4⁰·
420 1399 459 1451 11
482 1399 548 1451 ud
575 1398 829 1467 objestum
863 1398 1055 1453 facilius
1082 1398 1222 1455 sensu
1251 1405 1528 1476 percipitur
1556 1443 1567 1461 ‚
1608 1402 1661 1453 ih
1684 1418 1788 1472 quo

249 1477 416 1531 minor
433 1472 504 1525 est
519 1467 797 1527 differentia
812 1481 1048 1547 partium,

325 1554 385 1613 3⁰·
421 1548 594 1601 Partes
611 1553 772 1602 totius
788 1549 966 1617 objeffi
987 1552 1153 1602 minus
1169 1552 1298 1605 inter
1316 1548 1360 1604 se
1379 1543 1674 1605 differentes
1693 1546 1788 1604 effe

248 1619 460 1675 dicimus
479 1665 493 1679 ,
518 1626 652 1676 inter
666 1641 789 1695 quas
808 1622 879 1676 est
897 1628 1052 1691 major
1065 1632 1340 1697 proportio,
1765 1623 1771 1628 ’

325 1704 388 1746 6⁰·
422 1696 510 1749 ma
522 1703 790 1771 proportio
809 1697 1145 1752 Atitlimetica
1159 1695 1258 1752 esse
1271 1699 1422 1754 debet
1446 1717 1547 1752 non
1565 1701 1791 1753 Geome-

246 1774 388 1831 trica‚
408 1776 546 1838 cujus
566 1778 695 1824 ratio
711 1771 920 1843 estquia
936 1792 1038 1825 non
1056 1790 1160 1826 tam
1177 1774 1336 1827 multa
1354 1781 1402 1827 in
1420 1792 1476 1826 ea
1492 1772 1539 1825 su
1550 1791 1604 1826 nt
1621 1774 1792 1828 adver-

248 1844 425 1907 tenda,
447 1865 562 1898 cum
578 1846 785 1917 aequales
805 1845 901 1901 sint
916 1847 1099 1918 ubique
1115 1843 1422 1903 differentiae.
1454 1846 1791 1918 Ideoquenon

250 1936 513 1994 tantopere
533 1919 698 1976 sensus
714 1918 953 1996 fatigetur
977 1939 1033 1975 ut
1050 1929 1222 1975 omnia
1235 1943 1341 1994 quae
1358 1928 1408 1977 in
1425 1941 1483 1976 ea
1498 1921 1610 1976 sunt
1624 1921 1793 1976 distin-

1532 2023 1689 2067 24-0-0

251 2059 329 2114 &e
343 2064 601 2135 percipiat.
643 2061 948 2137 Exemplum
970 2065 1235 2136 proportio
1249 2061 1491 2116 linearum
1516 2081 1735 2188 {bn—od

1288 2154 1299 2170 ·
1587 2142 1789 2175 0-4-4-0-1

251 2288 444 2345 sacilius
461 2291 625 2347 oculis
638 2292 1126 2369 distinguitur‚quam
1145 2293 1322 2348 harum
1337 2244 1619 2389 Υὲ-ζῖσί
1680 2299 1796 2368 quia

257 2450 307 2498 in
323 2451 484 2519 prima
499 2465 701 2521 oportet
738 2466 941 2503 tantum
975 2448 1232 2504 advertere
1261 2456 1510 2505 unitatem
1539 2470 1632 2524 pro
1657 2444 1797 2503 diffe-

257 2526 416 2576 rentia
431 2527 668 2595 cujusque
683 2523 838 2586 lineae,
857 2529 907 2579 in
919 2523 1134 2580 secunda
1151 2543 1272 2581 vero
1285 2543 1456 2598 partes
1483 2532 1530 2579 Α
1546 2528 1583 2578 Β
1604 2526 1655 2579 &
1682 2526 1719 2577 B
1737 2523 1795 2577 C.

1690 2613 1797 2668 quae
