2029 2912
326 124 398 172 32
757 96 1436 152 CoMrEanvM

321 207 450 243 num
462 191 512 242 δι
528 183 709 241 falsam
722 189 979 256 quintam,
997 183 1222 258 ideoque
1237 192 1411 241 minus
1423 187 1593 242 suavis
1608 186 1683 242 est
1696 206 1851 261 quam

319 262 352 315 b
368 261 542 314 molle.

389 334 493 389 Sed
507 333 724 403 objiciet
750 328 891 387 forte
905 333 1096 408 aliquis
1121 333 1260 388 hanc
1288 354 1496 390 manum
1527 354 1631 390 non
1647 336 1851 394 suffice·

314 424 370 460 re
385 426 446 463 ut
470 427 654 462 omnes
677 406 933 480 graduum
956 413 1277 464 mutationes
1308 409 1421 464 inse
1453 417 1721 467 contineat
1738 457 1750 468 .
1789 414 1851 468 fi-

312 499 404 536 cut
429 489 571 538 enim
597 488 649 536 in
680 481 772 537 illa
810 482 1107 537 ostenditur
1137 483 1409 554 quomodo
1442 485 1592 539 nobis
1624 486 1851 542 liberum

312 554 375 609 sit
400 559 428 611 εὶ
454 576 590 614 voce
622 558 844 612 naturali
868 557 953 613 vel
974 557 1038 611 ad
1066 557 1273 612 bmolle
1303 560 1389 614 vel
1422 557 1486 612 ad
1520 559 1572 635 ςὰ
1611 560 1852 617 ἀεῆεὲὶε-

309 650 390 693 re,
434 639 507 687 ita
537 631 788 686 deberent
803 639 966 686 etiam
989 637 1040 685 in
1056 651 1116 686 ea
1131 633 1218 687 alii
1249 639 1511 706 utrimque
1540 633 1750 689 ordines
1767 637 1854 692 ad-

306 704 511 768 hiberi,
555 706 805 778 qualesin
822 706 1055 779 sequenti
1087 705 1246 779 figura
1263 708 1418 782 positi
1435 707 1579 769 sunt,
1621 725 1682 763 ut
1700 712 1854 766 nobis

305 781 496 834 eodem
529 779 689 833 modo
731 779 957 835 liberum
985 778 1124 834 foret
1153 782 1182 833 ’ξι
1211 781 1240 833 b
1267 783 1417 836 molli
1457 784 1539 836 vel
1569 783 1634 838 ad
1663 803 1853 840 vocem

307 854 600 909 naturalem
641 854 727 910 vel
768 854 831 909 ad
873 854 1319 930 alterampartcm
1347 856 1628 911 defleRere
1661 902 1672 918 ‚
1714 863 1856 915 &ita

307 928 337 982 ὲ
369 927 413 999 pi
436 974 447 991 ‚
464 927 610 1001 quod
629 929 973 984 confirmatur
990 949 1056 984 ex
1071 931 1306 1003 eo‚quod
1321 931 1536 1004 praefici
1554 932 1683 1006 saepe
1701 951 1859 988 utun·

306 1017 389 1056 tur
406 1003 601 1058 talibus
615 1006 1045 1078 intervallis‚quae
1063 1007 1335 1079 explicant
1350 1005 1432 1060 vel
1449 1025 1541 1080 per
1555 1005 1758 1062 dioefim
1771 1007 1853 1065 vel

307 1095 396 1152 per
410 1079 442 1134 b
462 1077 627 1133 molle
645 1121 658 1140 ‚
684 1079 829 1151 quod
845 1079 965 1134 ideo
983 1097 1256 1136 removent
1273 1081 1302 1134 ἐι
1317 1079 1432 1135 sede
1447 1086 1677 1156 propria.

384 2264 483 2320 Sed
510 2260 802 2335 respondeo
838 2267 943 2323 hoc
971 2269 1129 2344 pasto
1157 2268 1271 2332 fore
1301 2270 1627 2345 progressum
1661 2278 1715 2327 in
1740 2271 1858 2327 infi-

315 2345 485 2395 nitum
503 2384 514 2402 ‚
545 2345 596 2391 in
613 2339 698 2395 illa
714 2359 890 2397 autem
907 2364 1068 2399 manu
1083 2343 1316 2400 debuisse
1333 2364 1541 2402 tantum
1559 2353 1713 2402 unius
1735 2367 1856 2402 can-

317 2415 490 2470 tilcnae
517 2421 840 2472 mutationes
857 2425 1078 2492 exprimi
1098 2446 1112 2483 ;
1141 2426 1290 2493 atqui
1304 2422 1425 2477 illos
1445 2428 1581 2476 intra
1597 2439 1702 2478 tres
1718 2421 1857 2476 ordi-

320 2508 414 2545 nes
446 2493 700 2543 contineri
729 2490 1120 2548 demonstratur
1157 2512 1331 2558 exeo,
1372 2496 1582 2566 quodin
1609 2517 1714 2551 uno
1729 2515 1856 2568 quo-

321 2582 420 2638 que
435 2563 619 2620 ordine
635 2561 717 2620 sex
731 2581 941 2623 tantum
973 2575 1186 2626 termini
1202 2575 1573 2627 contineantur
1591 2616 1604 2636 ,
1625 2589 1853 2699 quorgim

1787 2662 1856 2698 uo
