2029 2912
300 135 366 172 22
678 111 1378 164 Comprnnrvu

299 212 431 259 inter
444 202 547 256 duo
564 243 576 261 ‚
613 211 919 270 quapropter
932 197 977 246 ei
992 197 1140 247 tertia
1154 200 1319 248 minor
1333 189 1562 263 adjunsta
1574 190 1647 247 est
1659 230 1672 253 ,
1698 210 1757 248 ut
1771 197 1827 249 il-

299 279 355 332 1ae
383 275 637 330 cantilena:
655 315 666 331 ‚
682 271 767 325 ubi
782 272 1148 340 frequentiores
1173 267 1286 322 sunt
1299 269 1460 323 ditoni
1476 311 1488 329 ,
1515 263 1752 323 differant
1771 270 1834 323 ab

298 357 358 406 iis
375 357 426 403 in
440 349 620 421 quibus
637 345 807 419 saepius
822 347 972 398 tertia
982 347 1148 395 minor
1163 347 1384 397 iteratur.

370 427 523 479 Sexta
549 426 704 489 major
716 416 944 492 procedit
971 416 999 468 a
1028 417 1207 470 ditono
1224 459 1235 477 ‚
1274 416 1550 490 eademque
1565 417 1666 472 fere
1683 422 1837 472 ratio-

299 518 365 554 ne
395 502 663 572 participat
690 493 839 561 hujus
868 506 1097 546 naturam
1113 507 1260 563 atque
1283 490 1478 545 decima
1503 497 1662 560 major
1688 491 1835 547 &de-

298 574 659 645 cima-septima
677 613 688 631 ,
715 568 777 622 ad
792 565 929 638 quod
947 564 1328 640 intelligendum
1353 565 1631 640 aspicienda
1653 567 1725 619 est
1737 572 1835 640 pri-

298 667 385 701 ma
400 647 559 721 figura
574 644 658 698 ubi
674 651 721 698 in
744 660 956 696 numero
972 656 1188 711 quatuor
1204 684 1215 702 ,
1231 639 1642 712 decima-quinta,
1657 641 1836 696 ostava

297 725 348 776 ὃ(
362 737 538 793 quarta
555 724 875 792 reperiuntur·
886 759 898 777 ‚
928 720 1013 785 qui
1037 732 1279 769 numerus
1293 720 1483 789 primus
1500 713 1574 769 est
1589 713 1836 787 composi-

299 813 398 858 ως,
415 797 464 848 8(
481 799 563 865 qui
578 812 667 866 per
680 792 944 850 binarium,
959 794 1045 860 qui
1059 788 1293 844 octavam
1307 789 1632 864 repraesentat,
1647 787 1709 842 ad
1725 793 1838 843 uni-

300 885 459 923 tatem
487 867 638 939 usque
653 865 911 921 resolvitur
927 907 938 926 ‚
981 862 1115 917 unde
1131 862 1191 917 fit
1217 880 1274 918 ut
1289 863 1630 918 consonantiae
1657 880 1839 919 omnes

300 963 409 1016 quae
424 964 486 999 ex
498 943 581 996 illo
596 956 901 1016 generantur
915 937 977 992 ad
993 937 1414 1012 compositionem
1427 956 1554 1013 aptae
1571 935 1684 1000 sint,
1708 943 1839 990 inter

300 1037 428 1089 quas
457 1037 571 1071 cum
593 1032 769 1090 quarta
797 1019 1094 1088 reperiatur,
1133 1032 1286 1085 quam
1313 1013 1455 1087 supra
1479 1013 1662 1066 idcirco
1694 1031 1839 1066 mon-

299 1093 457 1147 strum
473 1093 658 1146 oclavae
677 1090 776 1146 sive
791 1087 1089 1143 defefflvam
1105 1088 1336 1143 offlzxvnm
1363 1084 1460 1141 esse
1475 1087 1694 1141 diximus
1709 1125 1721 1146 ,
1760 1092 1836 1140 in-

300 1167 365 1220 de
379 1166 746 1239 sequiturillam
773 1169 926 1218 etiam
942 1181 1044 1215 non
1076 1158 1172 1216 esse
1190 1162 1418 1216 inutilem
1445 1167 1496 1214 in
1511 1160 1837 1235 compositio-

302 1260 367 1295 ne
382 1286 393 1303 ,
435 1242 518 1294 ubi
536 1259 638 1294 non
655 1254 915 1293 recurrunt
929 1235 1114 1289 eaedcm
1131 1241 1378 1289 rationes:
1417 1254 1525 1306 quae
1555 1234 1837 1308 impediunt

300 1335 405 1387 quo
421 1321 587 1368 minus
603 1328 820 1388 ponatur
833 1311 933 1365 sola
951 1354 962 1372 ‚
990 1328 1114 1365 tunc
1141 1315 1280 1364 enim
1308 1310 1367 1364 ab
1383 1309 1613 1380 adjuncta
1639 1307 1837 1384 perfici-

301 1406 387 1444 tur
403 1408 563 1463 neque
581 1389 795 1462 amplius
811 1387 882 1441 est
895 1392 1077 1458 quintae
1098 1383 1306 1438 subdita.

376 1466 529 1520 Sexta
548 1469 713 1516 minor
725 1461 905 1515 eodem
932 1458 1087 1512 modo
1105 1459 1164 1513 fit
1180 1461 1208 1512 a
1222 1465 1369 1513 tertia
1396 1466 1592 1513 minore
1607 1473 1663 1511 ut
1680 1462 1838 1526 major

298 1539 330 1590 a
357 1538 565 1598 diton0,
603 1540 653 1590 &
681 1541 748 1589 ita
785 1540 937 1588 tertiae
963 1540 1173 1587 minoris
1213 1550 1446 1587 naturam
1472 1536 1521 1587 &
1546 1529 1838 1588 affec‘liones

301 1628 563 1666 mutuatur
582 1654 593 1671 ‚
620 1629 781 1682 neque
793 1614 926 1664 ratio
954 1607 1026 1660 est
1040 1625 1191 1679 quare
1218 1605 1265 1660 id
1281 1627 1383 1661 non
1411 1605 1545 1662 esset.

374 1688 524 1740 Nunc
550 1685 837 1756 sequeretur
873 1698 931 1736 ut
957 1680 1021 1735 de
1050 1687 1197 1737 variis
1222 1681 1662 1737 consonantiarum
1676 1686 1838 1737 virtu-

303 1761 438 1814 tibus
467 1759 528 1813 ad
555 1758 838 1814 movendos
864 1754 1070 1810 affectus
1098 1758 1417 1827 loqueremur
1439 1801 1450 1817 ‚
1487 1755 1568 1810 sed
1595 1755 1740 1823 hujus
1767 1761 1837 1809 rei

304 1832 574 1905 disquisitio
593 1832 812 1886 exafflor
827 1830 990 1905 potest
1004 1832 1114 1883 elici
1139 1832 1168 1883 a
1193 1836 1298 1897 jam
1313 1830 1484 1891 diffis,
1517 1833 1566 1884 &
1594 1835 1708 1882 com
1749 1848 1839 1882 en-

304 1908 373 1962 dii
389 1910 573 1962 limites
588 1906 783 1961 excedit
802 1932 816 1971 ;
855 1905 952 1958 111ae
978 1910 1115 1958 enim
1131 1921 1234 1958 tam
1252 1910 1392 1959 variae
1408 1903 1518 1958 sunt
1531 1906 1580 1958 &
1594 1921 1701 1958 tam
1736 1909 1838 1958 evi-

306 1983 400 2037 bus
418 1981 798 2037 circumstantiis
814 1978 944 2033 sultae
964 2021 974 2039 ,
997 1995 1055 2032 ut
1069 1985 1316 2054 integrum
1331 1979 1572 2034 volumen
1586 1976 1712 2032 adid
1730 1997 1837 2051 per-

308 2056 579 2112 ficiendum
609 2074 711 2110 non
739 2052 994 2110 sufficeret.
1034 2052 1257 2128 ldigitur
1271 2069 1471 2107 tantum
1487 2054 1651 2108 dicam
1666 2051 1837 2107 haedo

306 2152 358 2186 re
375 2175 386 2192 ‚
415 2138 714 2206 praecipuam
738 2134 1031 2185 varietatem
1057 2129 1117 2181 ab
1144 2128 1221 2183 his
1250 2145 1464 2200 quatuor
1487 2129 1674 2182 ultimis
1690 2131 1807 2179 oriri
1825 2170 1837 2187 ,

307 2225 518 2277 quarum
531 2206 738 2260 ditonus
765 2207 814 2258 &
829 2203 964 2257 sexta
979 2207 1137 2270 major
1150 2207 1390 2278 gratiores
1409 2201 1710 2273 laetioresque
1726 2199 1838 2254 sunt

308 2299 459 2350 quam
476 2286 618 2334 tertia
634 2282 681 2332 8<
694 2278 826 2332 sexta
843 2283 1061 2331 minores
1080 2321 1091 2335 ,
1117 2295 1172 2330 ut
1186 2282 1336 2330 etiam
1353 2277 1380 2328 31
1394 2277 1621 2348 praelicis
1637 2275 1731 2330 fuit
1745 2274 1837 2328 ob-

309 2355 555 2409 servatum
579 2397 588 2414 ,
617 2357 664 2406 &
682 2352 823 2406 facile
837 2351 1015 2406 deduci
1047 2351 1214 2424 potest
1239 2370 1302 2405 ex
1326 2350 1497 2411 diffis,
1524 2352 1607 2405 ubi
1635 2356 1838 2405 tertiam

310 2435 559 2482 minorem
587 2448 671 2500 per
703 2427 933 2482 accidens
962 2427 990 2478 31
1016 2425 1196 2481 ditono
1231 2432 1453 2500 generari
1494 2426 1834 2486 irobavimuS‚

311 2503 499 2555 sextam
516 2520 681 2554 autem
700 2506 936 2568 majorem
967 2519 1056 2574 per
1082 2502 1128 2557 se
1144 2545 1155 2565 ,
1181 2506 1300 2574 quia
1314 2499 1437 2554 nihil
1453 2447 1586 2556 aliud
1600 2500 1836 2572 estquam

311 2578 517 2633 ditonus
534 2574 852 2649 compositus.

1744 2648 1839 2703 ‘De
