2029 2912
597 39 1237 129 VMvsxcae.
1622 79 1689 130 47

156 174 268 212 tam
284 149 651 209 dissonantiam
666 150 718 198 in
733 139 1097 216 perfectissima
1114 140 1455 197 consonantia
1470 142 1560 196 vel
1578 144 1690 205 uniss

156 234 287 288 sono
318 225 509 282 melius
537 219 775 294 quiescit.
806 220 917 271 Hic
946 232 1120 269 autem
1149 213 1337 288 gradus
1366 222 1526 271 etiam
1554 207 1688 269 int’er

158 302 500 362 dissonantias
527 294 647 349 sunt
678 287 966 365 reponendi
998 333 1010 350 ,
1055 290 1303 360 quicquid
1335 297 1477 346 enim
1509 289 1689 344 conso-

160 383 343 437 nantia
356 392 464 429 non
486 371 562 425 est
580 412 590 430 ‚
618 367 775 422 debet
789 365 888 420 dici
903 361 1237 419 dissonantia.

234 456 485 506 Praeterea
510 439 886 499 advertendum
905 482 917 500 ‚
951 437 1149 492 auditui
1180 443 1349 513 magis
1376 435 1615 493 satisfieri
1640 441 1694 490 in

161 529 267 585 fine
283 544 375 600 per
389 523 651 578 octavam,
666 532 822 587 quam
838 531 930 587 per
946 518 1187 585 quintam
1208 556 1219 574 ‚
1238 516 1286 567 ἃ
1307 517 1542 565 omnium
1557 515 1694 583 opti·

162 601 247 659 me
261 619 350 674 per
366 594 664 656 uni-sonam
683 634 694 651 ,
722 607 829 643 non
852 592 972 658 quia
986 593 1170 660 quinta
1186 586 1264 639 illi
1283 605 1390 640 non
1406 583 1468 640 fit
1482 584 1696 660 gratiffl-

164 696 250 733 ma
264 682 317 730 in
331 677 528 729 ratione
545 661 865 722 consonandi
885 706 896 724 ,
913 660 995 715 sed
1013 665 1134 733 quia
1159 666 1214 715 in
1241 660 1345 714 fine
1363 659 1592 735 spectare
1610 658 1699 714 de-

164 753 347 807 bemus
365 746 430 803 ad
444 747 673 819 quietem
691 785 702 803 ‚
731 755 839 810 quae
868 741 1033 803 major
1062 741 1317 810 reperitur
1344 739 1400 788 in
1427 734 1530 789 illis
1558 733 1698 790 sonis

166 833 304 884 inter
330 841 466 896 quos
497 817 573 872 est
602 820 773 869 minor
799 808 1097 866 differentia
1115 853 1127 870 ‚
1164 809 1251 878 vei
1278 808 1423 864 nulla
1451 814 1699 871 omnin0‚

166 918 226 955 ut
254 905 309 953 in
335 893 580 950 uni-sono
598 933 610 952 ‚
651 907 758 943 non
789 885 956 940 solum
987 902 1164 938 autem
1194 884 1303 937 haec
1332 888 1484 956 quies
1501 881 1601 938 slve
1617 901 1700 936 ca-

168 975 356 1030 dentia
371 976 521 1040 juvat
547 971 598 1018 in
625 964 729 1017 fine
758 986 770 1014 ι
823 958 924 1014 Sed
947 965 1108 1013 etiam
1137 964 1190 1011 in
1221 957 1397 1011 medio
1427 956 1700 1011 cantilenae

169 1049 324 1116 hujus
369 1043 621 1100 cadentiae
660 1037 787 1110 fuga
826 1053 935 1088 non
975 1051 1195 1107 parvam
1222 1028 1376 1087 affert
1399 1030 1706 1086 delectatio-

167 1143 291 1179 nem
309 1165 321 1184 ‚
364 1138 484 1174 cum
513 1114 712 1170 scilicet
738 1127 844 1165 una
873 1126 995 1183 pars
1020 1107 1159 1164 velle
1181 1105 1393 1162 videtur
1422 1105 1705 1180 quiescere,

170 1199 272 1253 alia
299 1211 478 1250 autem
500 1190 718 1243 ulterius
746 1181 1019 1258 procedit3
1059 1198 1214 1255 atque
1241 1179 1345 1234 hoc
1371 1181 1447 1235 est
1468 1198 1630 1255 genus
1644 1180 1706 1234 fi-

157 1290 309 1357 gurae
324 1276 377 1323 in
393 1271 493 1322 Mu
502 1264 602 1320 fica
622 1259 804 1333 quales
821 1257 936 1311 sunt
952 1257 1127 1330 figurae
1145 1254 1432 1310 Rhetoricae
1451 1261 1503 1309 in
1516 1258 1710 1309 oratio-

170 1365 236 1401 ne
265 1389 277 1406 ,
296 1350 444 1412 cujus
472 1344 676 1414 generis
696 1340 856 1388 etiam
882 1331 1001 1386 sunt
1024 1330 1398 1401 consequentia
1423 1373 1434 1391 ‚
1457 1334 1707 1390 imitatio,

175 1424 224 1477 &
241 1419 426 1474 similia
445 1460 454 1477 ,
472 1432 581 1487 quae
599 1412 732 1465 fiunt
749 1426 868 1462 cum
886 1405 971 1462 vel
987 1404 1096 1459 duae
1113 1422 1288 1478 partes
1304 1402 1591 1465 succeffive,
1608 1402 1713 1458 hoc

173 1494 247 1549 est
263 1538 276 1556 ‚
317 1488 530 1547 diversis
553 1483 882 1558 temporibus
907 1480 1062 1552 plane
1090 1479 1229 1533 idem
1245 1494 1439 1533 canunt
1455 1520 1467 1538 ‚
1504 1477 1591 1533 vel
1607 1477 1714 1550 pla-

177 1588 243 1623 ne
282 1568 600 1620 contrarium
634 1603 644 1621 ‚
700 1554 841 1631 quod
880 1553 1127 1610 ultimum
1168 1558 1327 1606 etiam
1355 1550 1505 1606 fimul
1541 1550 1714 1606 facere

176 1639 404 1716 possunt.
443 1639 506 1690 Et
536 1632 744 1706 quidem
773 1627 824 1683 id
839 1635 892 1683 in
923 1634 1079 1683 certis
1110 1625 1382 1681 cantilenae
1414 1625 1646 1700 partibus
1664 1644 1713 1679 a-

178 1713 430 1789 liqua-ndo
445 1710 824 1773 multumjuvat
840 1746 850 1765 ‚
867 1701 1010 1774 quod
1025 1718 1203 1756 autem
1220 1706 1411 1756 attinet
1430 1699 1495 1754 ad
1511 1716 1715 1753 contra-

178 1791 373 1867 punc³ca
398 1787 486 1842 illa
513 1779 791 1840 artificiosa
819 1821 830 1839 ‚
869 1795 930 1832 ut
954 1793 1154 1833 vocant
1182 1802 1195 1841 ς
1235 1781 1288 1829 in
1316 1775 1498 1847 quibus
1513 1773 1616 1828 tale
1644 1792 1720 1827 ar-

181 1865 407 1920 tificiu'm
434 1861 498 1916 ab
539 1863 695 1912 initio
726 1854 792 1911 ad
831 1853 990 1907 finem
1027 1867 1288 1927 perpetuo
1326 1849 1591 1911 servatur,
1633 1849 1724 1904 illa-

182 1958 292 1995 non
331 1942 502 2010 magis
528 1933 753 1989 arbitror
796 1927 860 1983 ad
891 1925 1151 1981 Muslcam
1190 1929 1452 2000 pertinere
1479 1942 1633 1995 quam
1651 1932 1721 1977 A·

186 2013 412 2070 crostica.
445 2026 537 2066 aut
564 2002 865 2078 retrograda
902 2006 1135 2056 carmina
1166 1999 1232 2056 ad
1262 2002 1532 2053 Po'e'ticam
1553 2044 1565 2062 ,
1607 1989 1716 2070 qussae

184 2088 252 2145 ad
253 2103 467 2219 ugiotus
508 2087 669 2140 animi
697 2075 1008 2135 excitandos
1050 2075 1128 2132 est
1153 2081 1404 2137 inventa,
1458 2089 1516 2128 ut
1549 2074 1730 2131 nostra·

184 2166 253 2219 M
330 2181 403 2217 ca
1032 2168 1038 2175 ·
1383 2152 1389 2157 ’
