2029 2912
647 100 1265 153 MvsrcAE.
1656 120 1715 160 21

179 193 322 266 super
334 187 624 265 particulari
640 185 815 241 simul:
853 203 1006 259 quare
1035 201 1207 241 autem
1238 206 1302 241 ex
1330 187 1594 262 multiplici
1608 207 1724 264 pro-

178 271 417 343 portione
429 261 784 338 perfestiffimae
801 260 1134 316 consonantiae
1148 278 1450 337 generentur
1465 306 1476 324 ,
1505 283 1569 336 qu
1577 283 1630 321 as
1647 265 1720 319 id-

181 348 316 397 circo
342 345 393 394 in
417 342 576 413 prima
592 335 749 412 figura
763 342 926 411 primo
941 335 1118 395 ordine
1136 337 1497 392 collocavimus
1515 381 1527 400 ‚
1553 338 1620 393 sle
1634 340 1721 396 de-

180 413 408 473 monstro
431 438 443 466 :
481 410 631 466 distet
646 412 780 466 linea
806 417 854 466 A
872 414 911 466 B
928 454 940 473 ‚
971 411 1000 464 a
1031 412 1076 464 C
1094 416 1161 467 D.
1195 417 1349 467 tertio
1362 431 1543 487 genere
1557 413 1722 469 ditoni

179 505 484 566 quocunque
515 485 666 560 paclo
692 491 1028 562 imaginentur
1040 485 1219 542 sonum
1236 488 1296 543 ab
1312 486 1484 543 auditu
1499 495 1716 567 percipi,

181 869 375 911 certum
402 851 476 908 est
500 851 697 909 facilius
725 852 962 929 distingui
988 851 1127 929 poffe
1164 855 1325 927 qualis
1359 854 1422 911 fit
1452 867 1717 934 proportio

180 935 315 985 inter
345 930 463 983 AB.
489 931 540 983 ὃ(
569 930 614 982 C
634 931 702 983 D.
735 947 888 1000 quam
911 948 961 985 v.
990 949 1037 1003 g.
1071 935 1202 984 inter
1230 931 1274 982 C
1293 934 1340 985 F.
1370 931 1420 984 ὃ(
1446 933 1490 984 C
1509 936 1576 986 D.
1602 942 1718 1006 quia

179 1011 401 1079 primum
415 1002 710 1076 agnoscetur
723 1002 907 1056 dire&e
934 1022 1020 1076 per
1043 1003 1435 1077 applicationem
1464 1004 1570 1060 soni
1597 1016 1645 1063 A
1662 1013 1717 1066 B.

179 1078 245 1133 ad
258 1093 427 1152 partes
440 1077 547 1132 soni
565 1078 610 1130 C
625 1079 696 1129 D.
713 1095 898 1151 nempe
918 1080 962 1132 C
980 1096 1019 1130 e.
1034 1095 1061 1130 e
1072 1077 1114 1145 f.
1112 1079 1205 1152 fg.
1222 1079 1316 1132 ἃς.
1339 1096 1434 1132 nec
1447 1086 1719 1154 quicquam

179 1158 232 1207 in
263 1151 367 1207 fine
396 1157 491 1207 erit
520 1149 727 1213 residui,
753 1150 891 1224 quod
915 1152 1051 1207 idem
1067 1156 1118 1206 in
1134 1157 1464 1227 proportione
1476 1155 1582 1209 soni
1613 1159 1716 1228 Cf.

178 1226 243 1282 ad
262 1229 306 1282 C
326 1232 394 1282 D.
421 1245 526 1281 non
539 1218 721 1280 accidit
738 1270 750 1288 ,
782 1224 820 1279 fi
848 1231 983 1280 enim
1006 1226 1284 1300 applicetur
1313 1228 1414 1296 Cf.
1443 1229 1504 1283 ad
1518 1231 1616 1301 fh.
1644 1252 1718 1287 re-

176 1300 374 1356 siduum
401 1307 493 1355 erit
532 1298 647 1355 hD.
686 1318 775 1374 per
809 1306 947 1370 cujus
975 1300 1304 1356 reflexionem
1337 1319 1542 1376 oportet
1565 1326 1719 1381 agno-

178 1375 314 1431 scere
337 1395 444 1448 quae
470 1375 531 1430 sit
568 1380 828 1449 proportio
856 1381 987 1430 inter
1016 1376 1113 1446 Cf.
1139 1378 1188 1431 ἃ
1216 1377 1260 1429 C
1277 1380 1342 1429 D.
1367 1378 1504 1448 quod
1518 1380 1720 1455 longius

183 1450 259 1504 est
277 1493 289 1512 ‚
316 1449 497 1504 eodem
510 1449 659 1524 pasto
675 1448 797 1503 illud
813 1454 1127 1524 concipietur
1142 1494 1153 1512 ‚
1172 1450 1211 1506 fi
1226 1456 1337 1523 quis
1352 1451 1533 1507 dixerit
1545 1454 1725 1511 sonum

181 1542 330 1581 aures
362 1523 509 1579 ferire
536 1523 710 1578 multis
742 1523 921 1579 iclibus
940 1569 951 1588 ‚
982 1524 1137 1596 idque
1157 1543 1218 1578 eo
1235 1525 1443 1580 celerius
1459 1547 1561 1599 quo
1576 1529 1727 1586 sonus

183 1604 379 1653 acutior
405 1598 508 1661 est,
537 1613 659 1652 tunc
685 1604 821 1651 enim
850 1614 907 1651 ut
935 1598 1084 1653 sonus
1110 1604 1158 1653 A
1184 1603 1237 1653 B.
1262 1606 1521 1673 perveniat
1535 1603 1597 1658 ad
1614 1611 1725 1659 uni-

183 1672 498 1727 formitatem
525 1691 643 1727 cum
677 1671 799 1725 sono
838 1673 881 1725 C
899 1677 963 1728 D.
998 1672 1152 1727 deber
1177 1689 1378 1728 tantum
1406 1694 1550 1731 aures
1582 1677 1726 1735 ferire

184 1752 406 1820 quinque
431 1746 635 1809 iclibus,
674 1745 798 1800 dum
839 1748 882 1800 C
900 1751 964 1802 D.
994 1746 1144 1802 semel
1170 1747 1343 1814 feriet3
1378 1748 1530 1805 sonus
1555 1771 1726 1808 aurem

188 1824 234 1876 C
235 1822 288 1892 f
310 1840 417 1876 non
444 1837 548 1876 tam
574 1827 674 1875 cito
702 1821 883 1875 redibit
909 1821 971 1876 ad
997 1822 1408 1893 unisonantiam2
1456 1843 1561 1879 non
1589 1835 1725 1883 enim

186 1896 237 1950 id
261 1895 351 1951 fiet
373 1896 466 1951 nisi
502 1895 614 1970 post
640 1895 914 1951 secundum
941 1896 1099 1951 icium
1124 1896 1230 1951 soni
1259 1900 1303 1953 C
1324 1903 1388 1952 D.
1417 1916 1474 1953 ut
1499 1919 1640 1973 patet
1662 1923 1726 1958 ex

186 1969 616 2025 demonstratione
653 1970 909 2044 superiori.
958 1970 1200 2044 Idemque
1238 1974 1565 2049 explicabitur
1600 1996 1725 2050 quo-

189 2063 387 2117 cunque
401 2043 557 2098 modo
571 2044 750 2098 sonum
765 2044 921 2099 audiri
936 2051 1275 2121 concipietur.'¹

260 2122 434 2174 Tertia
456 2126 620 2174 minor
645 2125 803 2174 oritur
826 2139 890 2175 ex
916 2121 1094 2176 ditono
1111 2165 1122 2183 ‚
1160 2137 1217 2175 ut
1239 2138 1415 2195 quarta
1444 2144 1507 2179 ex
1532 2129 1725 2196 quinta,

190 2193 407 2266 ideoque
433 2211 608 2266 quarta
631 2194 968 2268 imperfeffiior
998 2195 1071 2250 est
1093 2211 1150 2249 ut
1176 2195 1383 2252 ditonus
1403 2199 1605 2271 quinta:
1631 2221 1725 2256 nec

193 2269 307 2323 ideo
336 2268 647 2342 prohibenda
672 2269 743 2322 est
770 2276 820 2323 in
838 2269 1034 2325 Musica
1051 2313 1062 2332 ,
1102 2270 1184 2323 illa
1196 2277 1331 2325 enim
1348 2273 1410 2327 ad
1434 2275 1725 2330 variandam

191 2349 420 2415 quintam
439 2362 542 2398 non
555 2343 627 2398 est
642 2345 832 2400 inutilis
850 2389 862 2407 ,
889 2351 994 2399 imo
1009 2341 1271 2400 necessaria
1289 2372 1301 2411 3
1316 2367 1430 2401 cum
1445 2355 1578 2403 enim
1591 2351 1726 2404 otora-

191 2437 255 2473 va
292 2417 475 2490 ubique
501 2417 727 2473 audiatur
765 2424 816 2472 in
841 2420 1051 2474 unisono
1090 2418 1193 2474 haec
1220 2427 1512 2477 varietatem
1550 2423 1727 2480 afferre

193 2512 299 2547 non
315 2493 493 2569 potest,
519 2513 632 2546 cum
647 2493 842 2566 semper
855 2511 1098 2569 ponatur,
1121 2513 1214 2549 nec
1228 2497 1359 2551 solus
1374 2497 1580 2553 ditonus
1595 2499 1727 2554 suffi-

194 2574 263 2624 cit
277 2568 340 2625 ad
355 2573 663 2632 varietatem,
680 2569 815 2624 nulla
833 2576 970 2626 enim
986 2566 1081 2623 effe
1095 2572 1263 2642 potest
1277 2570 1365 2627 nisi
1383 2573 1442 2628 ad
1457 2580 1726 2629 minimum

1026 2644 1069 2696 C
1110 2665 1135 2716 3
1650 2654 1722 2702 in-
