2029 2912
678 94 744 147 M
814 108 850 144 v
923 107 949 147 s
1025 111 1049 148 1
1127 112 1157 145 c
1228 111 1283 148 πε.
1679 117 1740 174 13

214 181 266 235 ὅ(
278 198 384 252 quae
398 182 854 238 omniumminime
867 173 1037 233 differt
1052 180 1112 233 ab
1128 180 1341 235 unisono
1358 205 1386 245 3·
1397 182 1533 240 unde
1548 202 1743 260 praetet-

215 274 275 309 ea
290 255 420 326 sequi
435 254 664 309 existimo
680 252 817 305 nullu
826 273 873 306 m
889 253 1066 307 sonum
1083 255 1240 308 audiri
1257 299 1268 315 ‚
1297 261 1418 328 quin
1447 258 1592 328 hujus
1607 263 1743 316 osta·

212 348 277 384 va
291 333 482 382 acutior
495 326 694 381 auribus
710 327 1089 398 quodammodo
1110 329 1339 383 videatur
1368 331 1594 387 resonare
1612 379 1623 397 ,
1649 356 1681 390 u
1690 356 1744 390 n-

210 403 274 458 de
295 402 483 456 factum
498 400 572 454 est
584 406 737 454 etiam
751 406 801 453 in
819 401 1068 456 testudine
1088 446 1100 463 ,
1133 419 1192 456 ut
1217 404 1522 461 crassioribus
1549 416 1713 466 nervis
1728 454 1742 474 ,

212 483 297 549 qui
325 481 577 550 graviores
606 475 765 528 edunt
790 475 968 536 sonos,
1005 477 1087 529 alii
1115 484 1330 532 minores
1360 479 1745 556 adjungerentur

211 569 311 604 una
338 550 516 604 octava
531 555 777 603 acutiores
792 593 803 609 ‚
831 556 917 621 qui
943 551 1138 623 semper
1159 571 1259 605 una
1287 561 1622 627 tanguntur&
1639 558 1744 611 effi-

210 630 376 684 ciunt,
401 641 458 677 ut
471 629 724 698 graviores
740 623 1016 680 distinctius
1034 625 1324 680 audiantur:
1363 647 1426 681 ex
1453 630 1630 700 quibus
1658 651 1744 705 pa-

210 715 287 752 tet
302 698 497 752 nullum
522 698 698 752 sonum
715 704 797 768 qui
817 718 932 752 cum
951 718 1052 752 uno
1070 700 1255 755 octavae
1270 707 1489 757 termino
1506 705 1746 761 consona·

208 773 308 834 bit,
332 770 467 846 poffe
483 792 598 826 cum
615 772 714 824 alio
731 772 949 839 ejusdem
967 774 1152 828 oftavae
1168 772 1429 830 dissonare.

279 849 516 902 Alterum
531 847 602 899 est
617 854 666 900 in
683 847 860 901 octava
878 848 1157 902 notandum
1176 892 1187 910 ‚
1219 868 1332 910 nem
1375 870 1402 904 e
1417 850 1553 906 illam
1570 854 1743 908 conso-

207 928 492 976 nantiarum
509 914 738 974 omn'ium
757 927 1030 974 maximam
1057 917 1156 976 effe
1174 966 1186 983 ‚
1214 925 1264 975 id
1289 871 1390 984 effi,
1421 945 1600 982 omnes
1623 928 1746 984 alias

206 1003 258 1050 in
274 997 356 1048 illa
374 1001 646 1053 contineri,
676 994 756 1048 vel
783 1013 845 1047 ex
868 995 950 1047 illa
967 1001 1207 1067 componi
1233 1040 1243 1055 ‚
1268 998 1318 1050 ὃ(
1341 998 1448 1052 aliis
1474 1019 1581 1070 quae
1605 1007 1656 1055 in
1685 1022 1745 1057 ea

205 1075 545 1129 continentur,
561 1067 697 1140 quod
714 1067 1046 1121 demonstrari
1067 1070 1233 1141 potest
1248 1090 1308 1124 ex
1324 1089 1402 1132 eo,
1417 1074 1555 1143 quod
1571 1076 1744 1130 conso-

203 1149 385 1198 nantiae
398 1162 576 1197 omnes
593 1141 824 1195 constent
839 1143 1060 1215 partibus
1076 1145 1361 1214 aequalibus,
1376 1147 1509 1201 unde
1526 1147 1599 1209 fit,
1617 1166 1674 1202 ut
1685 1195 1695 1212 ,
1706 1149 1742 1205 st

205 1218 402 1271 illarum
418 1221 619 1270 termini
637 1216 848 1288 amplius
869 1235 1021 1288 quam
1037 1235 1138 1269 una
1152 1218 1328 1272 octava
1344 1218 1528 1276 distent
1542 1223 1601 1276 ab
1618 1231 1743 1278 invi-

205 1311 319 1346 cem
336 1332 353 1352 ,
375 1291 551 1365 possim
580 1289 759 1361 absque
776 1290 876 1342 ulla
894 1288 1135 1344 divisione
1150 1291 1372 1345 ulteriori
1387 1301 1627 1367 gravioris
1643 1315 1742 1351 ter-

204 1372 329 1419 mini
352 1385 503 1418 unam
518 1365 749 1420 octavam
765 1369 975 1417 acutiori
991 1364 1172 1418 addere
1189 1409 1200 1426 ‚
1231 1384 1291 1418 ex
1308 1385 1407 1437 qua
1422 1390 1520 1423 una
1537 1391 1652 1425 cum
1669 1393 1742 1427 te-

205 1439 349 1493 siduo
365 1440 499 1492 illam
517 1443 758 1511 componi
773 1438 1026 1510 apparebit
1047 1463 1058 1490 ;
1098 1440 1386 1512 exemplum
1406 1442 1466 1496 stt
1496 1450 1535 1497 A
1557 1449 1595 1499 B
1619 1446 1744 1502 divi-

203 1513 283 1568 sus
299 1520 352 1567 in
365 1530 465 1567 tres
480 1514 689 1583 aequales
705 1528 890 1582 parte&
908 1530 970 1564 ex
986 1512 1167 1582 quibus
1186 1519 1235 1566 A
1250 1516 1312 1574 C,
1329 1523 1374 1568 A
1392 1521 1428 1569 B
1442 1517 1627 1573 distent
1642 1540 1743 1575 una

203 1586 504 1640 duodecima
527 1628 539 1646 ‚
564 1585 678 1639 dico
711 1584 847 1638 illam
863 1583 1217 1639 duodecimam
1234 1598 1473 1662 componi
1486 1595 1746 1649 exoc‘tava

203 1663 254 1715 8<
278 1666 382 1729 ejus
404 1659 598 1714 residuo
650 1685 1336 1715 i-——v—--—-·-—-÷
1393 1684 1578 1741 nempe
1595 1674 1740 1740 quin·

202 1740 598 1808 ta‚componitur
629 1719 687 1769 Α
852 1722 902 1768 σ
1074 1724 1126 1767 D
1303 1724 1348 1770 Β
1388 1746 1524 1793 enim
1540 1759 1602 1794 ex
1618 1746 1736 1805 AC,

202 1816 252 1864 A
273 1814 322 1862 D
337 1853 348 1871 ‚
386 1809 522 1880 quod
538 1807 610 1861 est
624 1809 809 1866 octava
825 1854 838 1873 ‚
865 1830 928 1865 ex
956 1817 1004 1867 A
1022 1814 1074 1864 D
1094 1856 1105 1874 ‚
1135 1818 1182 1866 A
1200 1816 1264 1874 B,
1292 1814 1430 1885 quod
1446 1814 1518 1867 est
1531 1821 1705 1886 quinta
1725 1860 1739 1879 ‚

202 1886 336 1938 &ita
355 1882 533 1936 accidit
549 1887 600 1935 in
615 1890 800 1940 caeteris
821 1927 833 1945 ‚
870 1886 1005 1940 unde
1034 1885 1092 1939 fit
1119 1904 1174 1941 ut
1202 1887 1379 1942 ostava
1396 1908 1502 1941 non
1525 1894 1591 1942 ita
1606 1892 1741 1944 mul-

204 1958 397 2030 tiplicet
413 1975 648 2013 numeros
663 1966 1048 2032 proportionum
1067 1959 1102 2014 sl
1117 1961 1237 2016 alias
1255 1979 1530 2035 componat
1547 2006 1558 2024 ‚
1586 1983 1741 2035 quam

206 2048 390 2086 caeterae
403 2049 583 2086 omnes
601 2077 612 2094 ,
641 2034 854 2104 ideoque
877 2033 980 2087 sola
1012 2033 1072 2087 fit
1097 2054 1203 2106 quae
1232 2035 1385 2109 possit
1399 2043 1642 2109 geminari
1662 2082 1674 2099 ‚
1704 2038 1741 2092 st

205 2112 339 2158 enim
357 2106 439 2158 illa
453 2113 736 2178 geminetur
747 2131 791 2176 4.
811 2124 1011 2161 tantum
1027 2107 1182 2162 efficit
1198 2155 1209 2171 ‚
1240 2110 1320 2164 vel
1339 2111 1383 2170 8,
1405 2109 1446 2163 st-
1460 2116 1638 2165 iterum
1656 2133 1742 2187 ge-

205 2185 447 2232 minetur:
477 2178 510 2231 fi
529 2199 697 2235 autem
712 2202 757 2236 v.
773 2202 814 2255 g.
840 2188 1038 2253 quinta,
1055 2203 1161 2254 quae
1177 2184 1292 2257 post
1308 2184 1445 2238 illam
1468 2192 1522 2239 1²·
1539 2187 1611 2239 est
1630 2230 1640 2247 ,
1657 2207 1741 2260 ge-

206 2260 429 2307 minetur
447 2297 458 2313 ,
485 2276 514 2324 9
546 2255 760 2320 efficiet3
790 2275 904 2310 nam
924 2258 953 2310 a
967 2279 1014 2322 4.
1031 2258 1092 2311 ad
1110 2257 1239 2312 6.est
1260 2264 1321 2328 5²·
1368 2263 1495 2312 Item
1513 2262 1541 2314 a
1558 2275 1602 2314 6.
1619 2261 1680 2315 ad
1693 2284 1743 2323 9.

206 2334 293 2399 qui
322 2345 556 2383 numerus
584 2330 732 2404 longe
764 2335 920 2398 major
949 2331 1020 2382 est
1047 2351 1198 2402 quam
1215 2354 1263 2398 4.
1293 2335 1342 2386 &
1358 2335 1556 2388 excedit
1568 2337 1741 2390 seriem

205 2411 483 2476 primorum
500 2408 915 2461 6.numerorum,
942 2409 993 2458 in
1021 2406 1201 2476 quibus
1228 2425 1435 2469 omnes,
1463 2407 1608 2482 supra
1621 2429 1741 2463 con-

205 2476 462 2531 sonantias
493 2479 798 2533 inclufimus.
851 2484 926 2531 Ex
953 2480 1133 2550 quibus
1164 2480 1381 2552 sequitur
1409 2483 1740 2555 cujuscunque

204 2559 400 2627 generis
417 2552 852 2610 consonantiarum
868 2571 965 2610 tres
978 2552 1075 2608 effe
1089 2554 1274 2629 species
1292 2600 1304 2621 ‚
1332 2575 1513 2633 nempe
1538 2557 1739 2685 unasest

329 2653 335 2657 ·
1020 2632 1059 2685 B
1100 2649 1125 2702 3
1647 2648 1738 2686 lm-
